%YAML 1.1
%TAG !u! tag:unity3d.com,2011:
--- !u!114 &4620496256645230740
MonoBehaviour:
  m_ObjectHideFlags: 0
  m_CorrespondingSourceObject: {fileID: 0}
  m_PrefabInstance: {fileID: 0}
  m_PrefabAsset: {fileID: 0}
  m_GameObject: {fileID: 8432047054255316377}
  m_Enabled: 1
  m_EditorHideFlags: 0
  m_Script: {fileID: 11500000, guid: 62359d80fdc0e4315ab6331b78ec5b90, type: 3}
  m_Name: 
  m_EditorClassIdentifier: 
  kinematicForParticles: 1
--- !u!64 &421008462
MeshCollider:
  m_ObjectHideFlags: 0
  m_CorrespondingSourceObject: {fileID: 0}
  m_PrefabInstance: {fileID: 0}
  m_PrefabAsset: {fileID: 0}
  m_GameObject: {fileID: 8578419381533261796}
  m_Material: {fileID: 0}
  m_IsTrigger: 0
  m_Enabled: 1
  serializedVersion: 4
  m_Convex: 1
  m_CookingOptions: 30
  m_Mesh: {fileID: -7016030322194801813, guid: 879bed8d41b98ca41952cc4c794ebab2, type: 3}
--- !u!114 &6763428268910810572
MonoBehaviour:
  m_ObjectHideFlags: 0
  m_CorrespondingSourceObject: {fileID: 0}
  m_PrefabInstance: {fileID: 0}
  m_PrefabAsset: {fileID: 0}
  m_GameObject: {fileID: 8578419381533261796}
  m_Enabled: 1
  m_EditorHideFlags: 0
  m_Script: {fileID: 11500000, guid: 6757b231cedd544c583ef8aeaf773b2a, type: 3}
  m_Name: 
  m_EditorClassIdentifier: 
  material: {fileID: 0}
  phase: 0
  thickness: 0
  m_SourceCollider: {fileID: 421008462}
  colliderNum: 0
  m_DistanceField: {fileID: 0}
--- !u!1001 &1042049005051311390
PrefabInstance:
  m_ObjectHideFlags: 0
  serializedVersion: 2
  m_Modification:
    m_TransformParent: {fileID: 0}
    m_Modifications:
    - target: {fileID: 247130475289630181, guid: 7e8ab9f2ce99ac442a350a3f7dff2fd7,
        type: 3}
      propertyPath: m_LocalPosition.x
      value: -0.04640004
      objectReference: {fileID: 0}
    - target: {fileID: 247130475289630181, guid: 7e8ab9f2ce99ac442a350a3f7dff2fd7,
        type: 3}
      propertyPath: m_LocalPosition.z
      value: 0.0304
      objectReference: {fileID: 0}
    - target: {fileID: 247130475289630181, guid: 7e8ab9f2ce99ac442a350a3f7dff2fd7,
        type: 3}
      propertyPath: m_LocalPosition.y
      value: 0.002000004
      objectReference: {fileID: 0}
    - target: {fileID: 247130475289630181, guid: 7e8ab9f2ce99ac442a350a3f7dff2fd7,
        type: 3}
      propertyPath: m_LocalRotation.y
      value: 0.6799235
      objectReference: {fileID: 0}
    - target: {fileID: 247130475289630181, guid: 7e8ab9f2ce99ac442a350a3f7dff2fd7,
        type: 3}
      propertyPath: m_LocalRotation.w
      value: 0.7282874
      objectReference: {fileID: 0}
    - target: {fileID: 247130475289630181, guid: 7e8ab9f2ce99ac442a350a3f7dff2fd7,
        type: 3}
      propertyPath: m_LocalRotation.x
      value: 0.05831194
      objectReference: {fileID: 0}
    - target: {fileID: 247130475289630181, guid: 7e8ab9f2ce99ac442a350a3f7dff2fd7,
        type: 3}
      propertyPath: m_LocalRotation.z
      value: -0.062459838
      objectReference: {fileID: 0}
    - target: {fileID: 1006593182492179401, guid: 7e8ab9f2ce99ac442a350a3f7dff2fd7,
        type: 3}
      propertyPath: m_LocalPosition.x
      value: -0.247
      objectReference: {fileID: 0}
    - target: {fileID: 1006593182492179401, guid: 7e8ab9f2ce99ac442a350a3f7dff2fd7,
        type: 3}
      propertyPath: m_LocalPosition.y
      value: 0.183
      objectReference: {fileID: 0}
    - target: {fileID: 1006593182492179401, guid: 7e8ab9f2ce99ac442a350a3f7dff2fd7,
        type: 3}
      propertyPath: m_LocalRotation.y
      value: 0.60954523
      objectReference: {fileID: 0}
    - target: {fileID: 1006593182492179401, guid: 7e8ab9f2ce99ac442a350a3f7dff2fd7,
        type: 3}
      propertyPath: m_LocalEulerAnglesHint.y
      value: 85.93
      objectReference: {fileID: 0}
    - target: {fileID: 1006593182492179401, guid: 7e8ab9f2ce99ac442a350a3f7dff2fd7,
        type: 3}
      propertyPath: m_LocalRotation.w
      value: 0.65445834
      objectReference: {fileID: 0}
    - target: {fileID: 1006593182492179401, guid: 7e8ab9f2ce99ac442a350a3f7dff2fd7,
        type: 3}
      propertyPath: m_LocalRotation.x
      value: 0.3273712
      objectReference: {fileID: 0}
    - target: {fileID: 1006593182492179401, guid: 7e8ab9f2ce99ac442a350a3f7dff2fd7,
        type: 3}
      propertyPath: m_LocalRotation.z
      value: -0.30490488
      objectReference: {fileID: 0}
    - target: {fileID: 1006593182492179401, guid: 7e8ab9f2ce99ac442a350a3f7dff2fd7,
        type: 3}
      propertyPath: m_LocalEulerAnglesHint.x
      value: 53.15
      objectReference: {fileID: 0}
    - target: {fileID: 1006593182492179401, guid: 7e8ab9f2ce99ac442a350a3f7dff2fd7,
        type: 3}
      propertyPath: m_LocalPosition.z
      value: -0.02
      objectReference: {fileID: 0}
    - target: {fileID: 3180749597132209238, guid: 7e8ab9f2ce99ac442a350a3f7dff2fd7,
        type: 3}
      propertyPath: m_IsKinematic
      value: 0
      objectReference: {fileID: 0}
    - target: {fileID: 3659798304053229829, guid: 7e8ab9f2ce99ac442a350a3f7dff2fd7,
        type: 3}
      propertyPath: m_LocalRotation.x
      value: 0.062459834
      objectReference: {fileID: 0}
    - target: {fileID: 3659798304053229829, guid: 7e8ab9f2ce99ac442a350a3f7dff2fd7,
        type: 3}
      propertyPath: m_LocalRotation.y
      value: 0.7282874
      objectReference: {fileID: 0}
    - target: {fileID: 3659798304053229829, guid: 7e8ab9f2ce99ac442a350a3f7dff2fd7,
        type: 3}
      propertyPath: m_LocalRotation.z
      value: -0.058311943
      objectReference: {fileID: 0}
    - target: {fileID: 3659798304053229829, guid: 7e8ab9f2ce99ac442a350a3f7dff2fd7,
        type: 3}
      propertyPath: m_LocalRotation.w
      value: 0.6799236
      objectReference: {fileID: 0}
    - target: {fileID: 3659798304053229829, guid: 7e8ab9f2ce99ac442a350a3f7dff2fd7,
        type: 3}
      propertyPath: m_LocalEulerAnglesHint.y
      value: 93.992004
      objectReference: {fileID: 0}
    - target: {fileID: 3659798304053229829, guid: 7e8ab9f2ce99ac442a350a3f7dff2fd7,
        type: 3}
      propertyPath: m_LocalPosition.z
      value: -0.0304
      objectReference: {fileID: 0}
    - target: {fileID: 3659798304053229829, guid: 7e8ab9f2ce99ac442a350a3f7dff2fd7,
        type: 3}
      propertyPath: m_LocalPosition.x
      value: -0.04640004
      objectReference: {fileID: 0}
    - target: {fileID: 3659798304053229829, guid: 7e8ab9f2ce99ac442a350a3f7dff2fd7,
        type: 3}
      propertyPath: m_LocalEulerAnglesHint.x
      value: 9.780001
      objectReference: {fileID: 0}
    - target: {fileID: 3659798304053229829, guid: 7e8ab9f2ce99ac442a350a3f7dff2fd7,
        type: 3}
      propertyPath: m_LocalEulerAnglesHint.z
      value: 0.679
      objectReference: {fileID: 0}
    - target: {fileID: 3659798304053229829, guid: 7e8ab9f2ce99ac442a350a3f7dff2fd7,
        type: 3}
      propertyPath: m_LocalPosition.y
      value: 0.002
      objectReference: {fileID: 0}
    - target: {fileID: 3792578575685126666, guid: 7e8ab9f2ce99ac442a350a3f7dff2fd7,
        type: 3}
      propertyPath: m_LocalPosition.x
      value: -0.2513
      objectReference: {fileID: 0}
    - target: {fileID: 3792578575685126666, guid: 7e8ab9f2ce99ac442a350a3f7dff2fd7,
        type: 3}
      propertyPath: m_LocalPosition.z
      value: -0.0049
      objectReference: {fileID: 0}
    - target: {fileID: 3792578575685126666, guid: 7e8ab9f2ce99ac442a350a3f7dff2fd7,
        type: 3}
      propertyPath: m_LocalPosition.y
      value: 0.1388
      objectReference: {fileID: 0}
    - target: {fileID: 5400964732541470180, guid: 7e8ab9f2ce99ac442a350a3f7dff2fd7,
        type: 3}
      propertyPath: m_RootOrder
      value: 3
      objectReference: {fileID: 0}
    - target: {fileID: 7685653387735502691, guid: 7e8ab9f2ce99ac442a350a3f7dff2fd7,
        type: 3}
      propertyPath: drawMirrorGizmo
      value: 0
      objectReference: {fileID: 0}
    - target: {fileID: 8086614173453513277, guid: 7e8ab9f2ce99ac442a350a3f7dff2fd7,
        type: 3}
      propertyPath: m_LocalPosition.x
      value: 1.2257011
      objectReference: {fileID: 0}
    - target: {fileID: 8086614173453513277, guid: 7e8ab9f2ce99ac442a350a3f7dff2fd7,
        type: 3}
      propertyPath: m_LocalPosition.y
      value: 1.023
      objectReference: {fileID: 0}
    - target: {fileID: 8086614173453513277, guid: 7e8ab9f2ce99ac442a350a3f7dff2fd7,
        type: 3}
      propertyPath: m_LocalPosition.z
      value: 0.034375705
      objectReference: {fileID: 0}
    - target: {fileID: 8086614173453513277, guid: 7e8ab9f2ce99ac442a350a3f7dff2fd7,
        type: 3}
      propertyPath: m_LocalRotation.x
      value: 0
      objectReference: {fileID: 0}
    - target: {fileID: 8086614173453513277, guid: 7e8ab9f2ce99ac442a350a3f7dff2fd7,
        type: 3}
      propertyPath: m_LocalRotation.y
      value: 0
      objectReference: {fileID: 0}
    - target: {fileID: 8086614173453513277, guid: 7e8ab9f2ce99ac442a350a3f7dff2fd7,
        type: 3}
      propertyPath: m_LocalRotation.z
      value: 0
      objectReference: {fileID: 0}
    - target: {fileID: 8086614173453513277, guid: 7e8ab9f2ce99ac442a350a3f7dff2fd7,
        type: 3}
      propertyPath: m_LocalRotation.w
      value: 1
      objectReference: {fileID: 0}
    - target: {fileID: 8086614173453513277, guid: 7e8ab9f2ce99ac442a350a3f7dff2fd7,
        type: 3}
      propertyPath: m_RootOrder
      value: 0
      objectReference: {fileID: 0}
    - target: {fileID: 8086614173453513277, guid: 7e8ab9f2ce99ac442a350a3f7dff2fd7,
        type: 3}
      propertyPath: m_LocalEulerAnglesHint.x
      value: 0
      objectReference: {fileID: 0}
    - target: {fileID: 8086614173453513277, guid: 7e8ab9f2ce99ac442a350a3f7dff2fd7,
        type: 3}
      propertyPath: m_LocalEulerAnglesHint.y
      value: 0
      objectReference: {fileID: 0}
    - target: {fileID: 8086614173453513277, guid: 7e8ab9f2ce99ac442a350a3f7dff2fd7,
        type: 3}
      propertyPath: m_LocalEulerAnglesHint.z
      value: 0
      objectReference: {fileID: 0}
    - target: {fileID: 8496570891505307694, guid: 7e8ab9f2ce99ac442a350a3f7dff2fd7,
        type: 3}
      propertyPath: m_IsActive
      value: 0
      objectReference: {fileID: 0}
    - target: {fileID: 8895379001231911047, guid: 7e8ab9f2ce99ac442a350a3f7dff2fd7,
        type: 3}
      propertyPath: m_Name
      value: Pot Variant
      objectReference: {fileID: 0}
    - target: {fileID: 8895379001231911047, guid: 7e8ab9f2ce99ac442a350a3f7dff2fd7,
        type: 3}
      propertyPath: m_TagString
      value: Container
      objectReference: {fileID: 0}
    m_RemovedComponents: []
  m_SourcePrefab: {fileID: 100100000, guid: 7e8ab9f2ce99ac442a350a3f7dff2fd7, type: 3}
--- !u!1 &8432047054255316377 stripped
GameObject:
  m_CorrespondingSourceObject: {fileID: 8895379001231911047, guid: 7e8ab9f2ce99ac442a350a3f7dff2fd7,
    type: 3}
  m_PrefabInstance: {fileID: 1042049005051311390}
  m_PrefabAsset: {fileID: 0}
--- !u!4 &9101623880643249955 stripped
Transform:
  m_CorrespondingSourceObject: {fileID: 8086614173453513277, guid: 7e8ab9f2ce99ac442a350a3f7dff2fd7,
    type: 3}
  m_PrefabInstance: {fileID: 1042049005051311390}
  m_PrefabAsset: {fileID: 0}
--- !u!1001 &1042049005096462291
PrefabInstance:
  m_ObjectHideFlags: 0
  serializedVersion: 2
  m_Modification:
    m_TransformParent: {fileID: 9101623880643249955}
    m_Modifications:
    - target: {fileID: -8679921383154817045, guid: 879bed8d41b98ca41952cc4c794ebab2,
        type: 3}
      propertyPath: m_LocalPosition.x
      value: 0
      objectReference: {fileID: 0}
    - target: {fileID: -8679921383154817045, guid: 879bed8d41b98ca41952cc4c794ebab2,
        type: 3}
      propertyPath: m_LocalPosition.y
      value: 0
      objectReference: {fileID: 0}
    - target: {fileID: -8679921383154817045, guid: 879bed8d41b98ca41952cc4c794ebab2,
        type: 3}
      propertyPath: m_LocalPosition.z
      value: 0
      objectReference: {fileID: 0}
    - target: {fileID: -8679921383154817045, guid: 879bed8d41b98ca41952cc4c794ebab2,
        type: 3}
      propertyPath: m_LocalRotation.x
      value: 0
      objectReference: {fileID: 0}
    - target: {fileID: -8679921383154817045, guid: 879bed8d41b98ca41952cc4c794ebab2,
        type: 3}
      propertyPath: m_LocalRotation.y
      value: 0
      objectReference: {fileID: 0}
    - target: {fileID: -8679921383154817045, guid: 879bed8d41b98ca41952cc4c794ebab2,
        type: 3}
      propertyPath: m_LocalRotation.z
      value: 0
      objectReference: {fileID: 0}
    - target: {fileID: -8679921383154817045, guid: 879bed8d41b98ca41952cc4c794ebab2,
        type: 3}
      propertyPath: m_LocalRotation.w
      value: 1
      objectReference: {fileID: 0}
    - target: {fileID: -8679921383154817045, guid: 879bed8d41b98ca41952cc4c794ebab2,
        type: 3}
      propertyPath: m_RootOrder
      value: 2
      objectReference: {fileID: 0}
    - target: {fileID: -8679921383154817045, guid: 879bed8d41b98ca41952cc4c794ebab2,
        type: 3}
      propertyPath: m_LocalEulerAnglesHint.x
      value: 0
      objectReference: {fileID: 0}
    - target: {fileID: -8679921383154817045, guid: 879bed8d41b98ca41952cc4c794ebab2,
        type: 3}
      propertyPath: m_LocalEulerAnglesHint.y
      value: 0
      objectReference: {fileID: 0}
    - target: {fileID: -8679921383154817045, guid: 879bed8d41b98ca41952cc4c794ebab2,
        type: 3}
      propertyPath: m_LocalEulerAnglesHint.z
      value: 0
      objectReference: {fileID: 0}
    - target: {fileID: -3115097760335194812, guid: 879bed8d41b98ca41952cc4c794ebab2,
        type: 3}
      propertyPath: m_Layer
      value: 17
      objectReference: {fileID: 0}
    - target: {fileID: -3115097760335194812, guid: 879bed8d41b98ca41952cc4c794ebab2,
        type: 3}
      propertyPath: m_IsActive
      value: 1
      objectReference: {fileID: 0}
    - target: {fileID: 919132149155446097, guid: 879bed8d41b98ca41952cc4c794ebab2,
        type: 3}
      propertyPath: m_Name
      value: pot
      objectReference: {fileID: 0}
    - target: {fileID: 1324170003662701910, guid: 879bed8d41b98ca41952cc4c794ebab2,
        type: 3}
      propertyPath: m_Materials.Array.data[0]
      value: 
      objectReference: {fileID: 2100000, guid: 853c00398cf025d42989873cfb0bf139, type: 2}
    - target: {fileID: 1324170003662701910, guid: 879bed8d41b98ca41952cc4c794ebab2,
        type: 3}
      propertyPath: m_CastShadows
      value: 0
      objectReference: {fileID: 0}
    m_RemovedComponents: []
  m_SourcePrefab: {fileID: 100100000, guid: 879bed8d41b98ca41952cc4c794ebab2, type: 3}
--- !u!4 &719629750190964792 stripped
Transform:
  m_CorrespondingSourceObject: {fileID: -8679921383154817045, guid: 879bed8d41b98ca41952cc4c794ebab2,
    type: 3}
  m_PrefabInstance: {fileID: 1042049005096462291}
  m_PrefabAsset: {fileID: 0}
--- !u!1 &8578419381533261796 stripped
GameObject:
  m_CorrespondingSourceObject: {fileID: 8753503399339579447, guid: 879bed8d41b98ca41952cc4c794ebab2,
    type: 3}
  m_PrefabInstance: {fileID: 1042049005096462291}
  m_PrefabAsset: {fileID: 0}
--- !u!1001 &1042049005701183888
PrefabInstance:
  m_ObjectHideFlags: 0
  serializedVersion: 2
  m_Modification:
    m_TransformParent: {fileID: 719629750190964792}
    m_Modifications:
    - target: {fileID: 2145947873183173274, guid: 9bf84faef5d4691458f1f834fe4822e0,
        type: 3}
      propertyPath: m_LocalPosition.y
      value: 0.07000005
      objectReference: {fileID: 0}
    - target: {fileID: 2145947873183173274, guid: 9bf84faef5d4691458f1f834fe4822e0,
        type: 3}
      propertyPath: m_LocalScale.y
      value: 0.16
      objectReference: {fileID: 0}
    - target: {fileID: 2145947874451264216, guid: 9bf84faef5d4691458f1f834fe4822e0,
        type: 3}
      propertyPath: m_LocalPosition.x
      value: 0
      objectReference: {fileID: 0}
    - target: {fileID: 2145947874451264216, guid: 9bf84faef5d4691458f1f834fe4822e0,
        type: 3}
      propertyPath: m_LocalPosition.y
      value: 0
      objectReference: {fileID: 0}
    - target: {fileID: 2145947874451264216, guid: 9bf84faef5d4691458f1f834fe4822e0,
        type: 3}
      propertyPath: m_LocalPosition.z
      value: 0
      objectReference: {fileID: 0}
    - target: {fileID: 2145947874451264216, guid: 9bf84faef5d4691458f1f834fe4822e0,
        type: 3}
      propertyPath: m_LocalRotation.x
      value: -0
      objectReference: {fileID: 0}
    - target: {fileID: 2145947874451264216, guid: 9bf84faef5d4691458f1f834fe4822e0,
        type: 3}
      propertyPath: m_LocalRotation.y
      value: -0
      objectReference: {fileID: 0}
    - target: {fileID: 2145947874451264216, guid: 9bf84faef5d4691458f1f834fe4822e0,
        type: 3}
      propertyPath: m_LocalRotation.z
      value: -0
      objectReference: {fileID: 0}
    - target: {fileID: 2145947874451264216, guid: 9bf84faef5d4691458f1f834fe4822e0,
        type: 3}
      propertyPath: m_LocalRotation.w
      value: 1
      objectReference: {fileID: 0}
    - target: {fileID: 2145947874451264216, guid: 9bf84faef5d4691458f1f834fe4822e0,
        type: 3}
      propertyPath: m_RootOrder
      value: 2
      objectReference: {fileID: 0}
    - target: {fileID: 2145947874451264216, guid: 9bf84faef5d4691458f1f834fe4822e0,
        type: 3}
      propertyPath: m_LocalEulerAnglesHint.x
      value: 44.5
      objectReference: {fileID: 0}
    - target: {fileID: 2145947874451264216, guid: 9bf84faef5d4691458f1f834fe4822e0,
        type: 3}
      propertyPath: m_LocalEulerAnglesHint.y
      value: 0
      objectReference: {fileID: 0}
    - target: {fileID: 2145947874451264216, guid: 9bf84faef5d4691458f1f834fe4822e0,
        type: 3}
      propertyPath: m_LocalEulerAnglesHint.z
      value: 0
      objectReference: {fileID: 0}
    - target: {fileID: 2145947874451264217, guid: 9bf84faef5d4691458f1f834fe4822e0,
        type: 3}
      propertyPath: m_Name
      value: Container
      objectReference: {fileID: 0}
    - target: {fileID: 2145947874451264220, guid: 9bf84faef5d4691458f1f834fe4822e0,
        type: 3}
      propertyPath: centerObject
      value: 
      objectReference: {fileID: 719629750190964792}
    - target: {fileID: 2145947874451264220, guid: 9bf84faef5d4691458f1f834fe4822e0,
        type: 3}
      propertyPath: amount
      value: 0.16
      objectReference: {fileID: 0}
    m_RemovedComponents: []
  m_SourcePrefab: {fileID: 100100000, guid: 9bf84faef5d4691458f1f834fe4822e0, type: 3}
