%YAML 1.1
%TAG !u! tag:unity3d.com,2011:
--- !u!65 &7377347302823586047
BoxCollider:
  m_ObjectHideFlags: 0
  m_CorrespondingSourceObject: {fileID: 0}
  m_PrefabInstance: {fileID: 0}
  m_PrefabAsset: {fileID: 0}
  m_GameObject: {fileID: 8259819289534044946}
  m_Material: {fileID: 0}
  m_IsTrigger: 0
  m_Enabled: 1
  serializedVersion: 2
  m_Size: {x: 0.12996355, y: 0.12996355, z: 0.06420154}
  m_Center: {x: 0, y: 0, z: 0.030972984}
--- !u!114 &2108274898
MonoBehaviour:
  m_ObjectHideFlags: 0
  m_CorrespondingSourceObject: {fileID: 0}
  m_PrefabInstance: {fileID: 0}
  m_PrefabAsset: {fileID: 0}
  m_GameObject: {fileID: 429050475395922506}
  m_Enabled: 1
  m_EditorHideFlags: 0
  m_Script: {fileID: 11500000, guid: 34b18887036e2324d8de226fa9636aa6, type: 3}
  m_Name: 
  m_EditorClassIdentifier: 
  materialOn: {fileID: 2100000, guid: 2d0f4d8248af5a146bb51444262424dd, type: 2}
  materialOff: {fileID: 2100000, guid: 36c0f14588f0f5f47ad8a8264d9d7043, type: 2}
  light: {fileID: 9221533933292865372}
--- !u!114 &2108274899
MonoBehaviour:
  m_ObjectHideFlags: 0
  m_CorrespondingSourceObject: {fileID: 0}
  m_PrefabInstance: {fileID: 0}
  m_PrefabAsset: {fileID: 0}
  m_GameObject: {fileID: 429050475395922506}
  m_Enabled: 1
  m_EditorHideFlags: 0
  m_Script: {fileID: 11500000, guid: a5db7f7a43fcc6841b06fe9aaa40feb7, type: 3}
  m_Name: 
  m_EditorClassIdentifier: 
  canPlay: 1
  playables:
  - name: 
    number: 0
    canPlay: 1
    oneInstance: 1
    playableEvent: event:/Sounds/FireSystem/FireAlarm
    isPlaying: 0
    playAutomatically: 0
    dontPlayOnSceneLoad: 0
--- !u!1001 &452263289456456525
PrefabInstance:
  m_ObjectHideFlags: 0
  serializedVersion: 2
  m_Modification:
    m_TransformParent: {fileID: 2339345326147317412}
    m_Modifications:
    - target: {fileID: -8679921383154817045, guid: 856e5e171f7cf3141be76f7d5fc701d2,
        type: 3}
      propertyPath: m_LocalPosition.x
      value: 0
      objectReference: {fileID: 0}
    - target: {fileID: -8679921383154817045, guid: 856e5e171f7cf3141be76f7d5fc701d2,
        type: 3}
      propertyPath: m_LocalPosition.y
      value: 0
      objectReference: {fileID: 0}
    - target: {fileID: -8679921383154817045, guid: 856e5e171f7cf3141be76f7d5fc701d2,
        type: 3}
      propertyPath: m_LocalPosition.z
      value: 0
      objectReference: {fileID: 0}
    - target: {fileID: -8679921383154817045, guid: 856e5e171f7cf3141be76f7d5fc701d2,
        type: 3}
      propertyPath: m_LocalRotation.x
      value: 0
      objectReference: {fileID: 0}
    - target: {fileID: -8679921383154817045, guid: 856e5e171f7cf3141be76f7d5fc701d2,
        type: 3}
      propertyPath: m_LocalRotation.y
      value: 0
      objectReference: {fileID: 0}
    - target: {fileID: -8679921383154817045, guid: 856e5e171f7cf3141be76f7d5fc701d2,
        type: 3}
      propertyPath: m_LocalRotation.z
      value: 0
      objectReference: {fileID: 0}
    - target: {fileID: -8679921383154817045, guid: 856e5e171f7cf3141be76f7d5fc701d2,
        type: 3}
      propertyPath: m_LocalRotation.w
      value: 1
      objectReference: {fileID: 0}
    - target: {fileID: -8679921383154817045, guid: 856e5e171f7cf3141be76f7d5fc701d2,
        type: 3}
      propertyPath: m_RootOrder
      value: 0
      objectReference: {fileID: 0}
    - target: {fileID: -8679921383154817045, guid: 856e5e171f7cf3141be76f7d5fc701d2,
        type: 3}
      propertyPath: m_LocalEulerAnglesHint.x
      value: 0
      objectReference: {fileID: 0}
    - target: {fileID: -8679921383154817045, guid: 856e5e171f7cf3141be76f7d5fc701d2,
        type: 3}
      propertyPath: m_LocalEulerAnglesHint.y
      value: 0
      objectReference: {fileID: 0}
    - target: {fileID: -8679921383154817045, guid: 856e5e171f7cf3141be76f7d5fc701d2,
        type: 3}
      propertyPath: m_LocalEulerAnglesHint.z
      value: 0
      objectReference: {fileID: 0}
    - target: {fileID: 919132149155446097, guid: 856e5e171f7cf3141be76f7d5fc701d2,
        type: 3}
      propertyPath: m_Name
      value: fireAlarmButton (1)
      objectReference: {fileID: 0}
    m_RemovedComponents: []
  m_SourcePrefab: {fileID: 100100000, guid: 856e5e171f7cf3141be76f7d5fc701d2, type: 3}
--- !u!1 &8259819289534044946 stripped
GameObject:
  m_CorrespondingSourceObject: {fileID: -799944249832839073, guid: 856e5e171f7cf3141be76f7d5fc701d2,
    type: 3}
  m_PrefabInstance: {fileID: 452263289456456525}
  m_PrefabAsset: {fileID: 0}
--- !u!23 &9221533933292865372 stripped
MeshRenderer:
  m_CorrespondingSourceObject: {fileID: -450435477336378351, guid: 856e5e171f7cf3141be76f7d5fc701d2,
    type: 3}
  m_PrefabInstance: {fileID: 452263289456456525}
  m_PrefabAsset: {fileID: 0}
--- !u!1001 &8457614491654311564
PrefabInstance:
  m_ObjectHideFlags: 0
  serializedVersion: 2
  m_Modification:
    m_TransformParent: {fileID: 0}
    m_Modifications:
    - target: {fileID: 2008376229075597049, guid: a3e0e87c923a1534cb3ea5ce5215e070,
        type: 3}
      propertyPath: m_OnSelectExited.m_PersistentCalls.m_Calls.Array.size
      value: 1
      objectReference: {fileID: 0}
    - target: {fileID: 2008376229075597049, guid: a3e0e87c923a1534cb3ea5ce5215e070,
        type: 3}
      propertyPath: m_OnSelectExited.m_PersistentCalls.m_Calls.Array.data[0].m_Mode
      value: 1
      objectReference: {fileID: 0}
    - target: {fileID: 2008376229075597049, guid: a3e0e87c923a1534cb3ea5ce5215e070,
        type: 3}
      propertyPath: m_OnSelectExited.m_PersistentCalls.m_Calls.Array.data[0].m_CallState
      value: 2
      objectReference: {fileID: 0}
    - target: {fileID: 2008376229075597049, guid: a3e0e87c923a1534cb3ea5ce5215e070,
        type: 3}
      propertyPath: m_OnSelectExited.m_PersistentCalls.m_Calls.Array.data[0].m_Target
      value: 
      objectReference: {fileID: 2108274898}
    - target: {fileID: 2008376229075597049, guid: a3e0e87c923a1534cb3ea5ce5215e070,
        type: 3}
      propertyPath: m_OnSelectExited.m_PersistentCalls.m_Calls.Array.data[0].m_MethodName
      value: TurnOn
      objectReference: {fileID: 0}
    - target: {fileID: 2008376229075597049, guid: a3e0e87c923a1534cb3ea5ce5215e070,
        type: 3}
      propertyPath: m_OnSelectExited.m_PersistentCalls.m_Calls.Array.data[0].m_Arguments.m_ObjectArgumentAssemblyTypeName
      value: UnityEngine.Object, UnityEngine
      objectReference: {fileID: 0}
    - target: {fileID: 6136292755304570920, guid: a3e0e87c923a1534cb3ea5ce5215e070,
        type: 3}
      propertyPath: m_LocalPosition.x
      value: 0
      objectReference: {fileID: 0}
    - target: {fileID: 6136292755304570920, guid: a3e0e87c923a1534cb3ea5ce5215e070,
        type: 3}
      propertyPath: m_LocalPosition.y
      value: 0
      objectReference: {fileID: 0}
    - target: {fileID: 6136292755304570920, guid: a3e0e87c923a1534cb3ea5ce5215e070,
        type: 3}
      propertyPath: m_LocalPosition.z
      value: 0
      objectReference: {fileID: 0}
    - target: {fileID: 6136292755304570920, guid: a3e0e87c923a1534cb3ea5ce5215e070,
        type: 3}
      propertyPath: m_LocalRotation.x
      value: 0
      objectReference: {fileID: 0}
    - target: {fileID: 6136292755304570920, guid: a3e0e87c923a1534cb3ea5ce5215e070,
        type: 3}
      propertyPath: m_LocalRotation.y
      value: 0
      objectReference: {fileID: 0}
    - target: {fileID: 6136292755304570920, guid: a3e0e87c923a1534cb3ea5ce5215e070,
        type: 3}
      propertyPath: m_LocalRotation.z
      value: 0
      objectReference: {fileID: 0}
    - target: {fileID: 6136292755304570920, guid: a3e0e87c923a1534cb3ea5ce5215e070,
        type: 3}
      propertyPath: m_LocalRotation.w
      value: 1
      objectReference: {fileID: 0}
    - target: {fileID: 6136292755304570920, guid: a3e0e87c923a1534cb3ea5ce5215e070,
        type: 3}
      propertyPath: m_RootOrder
      value: 0
      objectReference: {fileID: 0}
    - target: {fileID: 6136292755304570920, guid: a3e0e87c923a1534cb3ea5ce5215e070,
        type: 3}
      propertyPath: m_LocalEulerAnglesHint.x
      value: 0
      objectReference: {fileID: 0}
    - target: {fileID: 6136292755304570920, guid: a3e0e87c923a1534cb3ea5ce5215e070,
        type: 3}
      propertyPath: m_LocalEulerAnglesHint.y
      value: 0
      objectReference: {fileID: 0}
    - target: {fileID: 6136292755304570920, guid: a3e0e87c923a1534cb3ea5ce5215e070,
        type: 3}
      propertyPath: m_LocalEulerAnglesHint.z
      value: 0
      objectReference: {fileID: 0}
    - target: {fileID: 8118636300886602950, guid: a3e0e87c923a1534cb3ea5ce5215e070,
        type: 3}
      propertyPath: m_Name
      value: FireAlarm Variant
      objectReference: {fileID: 0}
    - target: {fileID: 8375848152754585089, guid: a3e0e87c923a1534cb3ea5ce5215e070,
        type: 3}
      propertyPath: m_IsKinematic
      value: 1
      objectReference: {fileID: 0}
    m_RemovedComponents: []
  m_SourcePrefab: {fileID: 100100000, guid: a3e0e87c923a1534cb3ea5ce5215e070, type: 3}
--- !u!1 &429050475395922506 stripped
GameObject:
  m_CorrespondingSourceObject: {fileID: 8118636300886602950, guid: a3e0e87c923a1534cb3ea5ce5215e070,
    type: 3}
  m_PrefabInstance: {fileID: 8457614491654311564}
  m_PrefabAsset: {fileID: 0}
--- !u!4 &2339345326147317412 stripped
Transform:
  m_CorrespondingSourceObject: {fileID: 6136292755304570920, guid: a3e0e87c923a1534cb3ea5ce5215e070,
    type: 3}
  m_PrefabInstance: {fileID: 8457614491654311564}
  m_PrefabAsset: {fileID: 0}
