%YAML 1.1
%TAG !u! tag:unity3d.com,2011:
--- !u!114 &579553609
MonoBehaviour:
  m_ObjectHideFlags: 0
  m_CorrespondingSourceObject: {fileID: 0}
  m_PrefabInstance: {fileID: 0}
  m_PrefabAsset: {fileID: 0}
  m_GameObject: {fileID: 930893959269952124}
  m_Enabled: 1
  m_EditorHideFlags: 0
  m_Script: {fileID: 11500000, guid: 754067eb734030141b3d3a9a75a76a81, type: 3}
  m_Name: 
  m_EditorClassIdentifier: 
  mask:
    serializedVersion: 2
    m_Bits: 16384
  locker: {fileID: 1659405374}
  amount: 6
  castSize: 0.2
  effectiveness: 2
  effectiveDistance: 2
  leftCollider: {fileID: 686091718132905866}
  rightCollider: {fileID: 288397090046209358}
  fakeCloth: {fileID: 5485194795887279031}
  clothCover: {fileID: 4647707376004506404}
--- !u!114 &1659405371
MonoBehaviour:
  m_ObjectHideFlags: 0
  m_CorrespondingSourceObject: {fileID: 0}
  m_PrefabInstance: {fileID: 0}
  m_PrefabAsset: {fileID: 0}
  m_GameObject: {fileID: 3827226339265060736}
  m_Enabled: 1
  m_EditorHideFlags: 0
  m_Script: {fileID: 11500000, guid: 1c11d42a3c977407fa40f26f519abb13, type: 3}
  m_Name: 
  m_EditorClassIdentifier: 
  tangentSpaceUpdate: 4
  transferParticleColors: 0
--- !u!114 &1659405372
MonoBehaviour:
  m_ObjectHideFlags: 0
  m_CorrespondingSourceObject: {fileID: 0}
  m_PrefabInstance: {fileID: 0}
  m_PrefabAsset: {fileID: 0}
  m_GameObject: {fileID: 3827226339265060736}
  m_Enabled: 1
  m_EditorHideFlags: 0
  m_Script: {fileID: 11500000, guid: 206ce0b7d5b3944cdbc83ba88739df98, type: 3}
  m_Name: 
  m_EditorClassIdentifier: 
  m_CollisionMaterial: {fileID: 11400000, guid: 56297c6e785b44eb28e469b62cedc016,
    type: 2}
  m_SurfaceCollisions: 0
  m_SelfCollisions: 0
  m_OneSided: 0
  _distanceConstraintsEnabled: 1
  _stretchingScale: 1
  _stretchCompliance: 0
  _maxCompression: 0
  _bendConstraintsEnabled: 1
  _bendCompliance: 0
  _maxBending: 0
  _plasticYield: 0
  _plasticCreep: 0
  _aerodynamicsEnabled: 0
  _drag: 0.05
  _lift: 0.05
  m_ClothBlueprint: {fileID: 11400000, guid: e0083da889cc9de4896b3e08d9cbdde3, type: 2}
  _volumeConstraintsEnabled: 0
  _compressionCompliance: 0
  _pressure: 1
  _tetherConstraintsEnabled: 1
  _tetherCompliance: 0
  _tetherScale: 1
  m_renderer: {fileID: 0}
--- !u!114 &1659405374
MonoBehaviour:
  m_ObjectHideFlags: 0
  m_CorrespondingSourceObject: {fileID: 0}
  m_PrefabInstance: {fileID: 0}
  m_PrefabAsset: {fileID: 0}
  m_GameObject: {fileID: 3827226339265060736}
  m_Enabled: 1
  m_EditorHideFlags: 0
  m_Script: {fileID: 11500000, guid: 4d03c9194b7ab4aaba4dfa5afec22c69, type: 3}
  m_Name: 
  m_EditorClassIdentifier: 
  m_Actor: {fileID: 1659405372}
  m_Target: {fileID: 549689513273192646}
  m_ParticleGroup: {fileID: -3458476641629882609, guid: e0083da889cc9de4896b3e08d9cbdde3,
    type: 2}
  m_AttachmentType: 0
  m_ConstrainOrientation: 0
  m_Compliance: 0
  m_BreakThreshold: Infinity
--- !u!65 &1772497019
BoxCollider:
  m_ObjectHideFlags: 0
  m_CorrespondingSourceObject: {fileID: 0}
  m_PrefabInstance: {fileID: 0}
  m_PrefabAsset: {fileID: 0}
  m_GameObject: {fileID: 5485194795887279031}
  m_Material: {fileID: 0}
  m_IsTrigger: 0
  m_Enabled: 1
  serializedVersion: 2
  m_Size: {x: 0.4, y: 0.1, z: 0.2}
  m_Center: {x: 0, y: 0, z: 0.05}
--- !u!114 &94745109
MonoBehaviour:
  m_ObjectHideFlags: 0
  m_CorrespondingSourceObject: {fileID: 0}
  m_PrefabInstance: {fileID: 0}
  m_PrefabAsset: {fileID: 0}
  m_GameObject: {fileID: 7511153425171959911}
  m_Enabled: 1
  m_EditorHideFlags: 0
  m_Script: {fileID: 11500000, guid: 62359d80fdc0e4315ab6331b78ec5b90, type: 3}
  m_Name: 
  m_EditorClassIdentifier: 
  kinematicForParticles: 1
--- !u!114 &1592510231776755811
MonoBehaviour:
  m_ObjectHideFlags: 0
  m_CorrespondingSourceObject: {fileID: 0}
  m_PrefabInstance: {fileID: 0}
  m_PrefabAsset: {fileID: 0}
  m_GameObject: {fileID: 7511153425171959911}
  m_Enabled: 1
  m_EditorHideFlags: 0
  m_Script: {fileID: 11500000, guid: 278a56537b77b462a894513bc9d3e474, type: 3}
  m_Name: 
  m_EditorClassIdentifier: 
  worldGravity: {x: 0, y: -9.81, z: 0}
--- !u!114 &5331838935334187400
MonoBehaviour:
  m_ObjectHideFlags: 0
  m_CorrespondingSourceObject: {fileID: 0}
  m_PrefabInstance: {fileID: 0}
  m_PrefabAsset: {fileID: 0}
  m_GameObject: {fileID: 7511153425171959911}
  m_Enabled: 1
  m_EditorHideFlags: 0
  m_Script: {fileID: 11500000, guid: 9d174fab52f0c4b8399f25d5c3ea524c, type: 3}
  m_Name: 
  m_EditorClassIdentifier: 
  simulateWhenInvisible: 1
  m_Backend: 1
  parameters:
    mode: 0
    interpolation: 0
    gravity: {x: 0, y: -9.81, z: 0}
    damping: 0
    maxAnisotropy: 3
    sleepThreshold: 0.01
    collisionMargin: 0.2
    maxDepenetration: 10
    continuousCollisionDetection: 1
    shockPropagation: 0
    surfaceCollisionIterations: 8
    surfaceCollisionTolerance: 0.005
  worldLinearInertiaScale: 0
  worldAngularInertiaScale: 0
  distanceConstraintParameters:
    evaluationOrder: 0
    iterations: 1
    SORFactor: 1
    enabled: 1
  bendingConstraintParameters:
    evaluationOrder: 1
    iterations: 1
    SORFactor: 1
    enabled: 1
  particleCollisionConstraintParameters:
    evaluationOrder: 0
    iterations: 1
    SORFactor: 1
    enabled: 1
  particleFrictionConstraintParameters:
    evaluationOrder: 1
    iterations: 1
    SORFactor: 1
    enabled: 1
  collisionConstraintParameters:
    evaluationOrder: 0
    iterations: 1
    SORFactor: 1
    enabled: 1
  frictionConstraintParameters:
    evaluationOrder: 1
    iterations: 1
    SORFactor: 1
    enabled: 1
  skinConstraintParameters:
    evaluationOrder: 0
    iterations: 1
    SORFactor: 1
    enabled: 1
  volumeConstraintParameters:
    evaluationOrder: 1
    iterations: 1
    SORFactor: 1
    enabled: 1
  shapeMatchingConstraintParameters:
    evaluationOrder: 1
    iterations: 1
    SORFactor: 1
    enabled: 1
  tetherConstraintParameters:
    evaluationOrder: 1
    iterations: 1
    SORFactor: 1
    enabled: 1
  pinConstraintParameters:
    evaluationOrder: 1
    iterations: 1
    SORFactor: 1
    enabled: 1
  stitchConstraintParameters:
    evaluationOrder: 1
    iterations: 1
    SORFactor: 1
    enabled: 1
  densityConstraintParameters:
    evaluationOrder: 1
    iterations: 1
    SORFactor: 1
    enabled: 1
  stretchShearConstraintParameters:
    evaluationOrder: 0
    iterations: 1
    SORFactor: 1
    enabled: 1
  bendTwistConstraintParameters:
    evaluationOrder: 0
    iterations: 1
    SORFactor: 1
    enabled: 1
  chainConstraintParameters:
    evaluationOrder: 0
    iterations: 1
    SORFactor: 1
    enabled: 0
--- !u!114 &5476241078145528052
MonoBehaviour:
  m_ObjectHideFlags: 0
  m_CorrespondingSourceObject: {fileID: 0}
  m_PrefabInstance: {fileID: 0}
  m_PrefabAsset: {fileID: 0}
  m_GameObject: {fileID: 7511153425171959911}
  m_Enabled: 1
  m_EditorHideFlags: 0
  m_Script: {fileID: 11500000, guid: 1d9704d540ac448439a425526f6b2986, type: 3}
  m_Name: 
  m_EditorClassIdentifier: 
  solvers:
  - {fileID: 5331838935334187400}
  substeps: 1
  ingoreSteps: 4
--- !u!1 &7970354678180200949
GameObject:
  m_ObjectHideFlags: 0
  m_CorrespondingSourceObject: {fileID: 0}
  m_PrefabInstance: {fileID: 0}
  m_PrefabAsset: {fileID: 0}
  serializedVersion: 6
  m_Component:
  - component: {fileID: 288397090046209358}
  - component: {fileID: 1693005954742516353}
  m_Layer: 0
  m_Name: RightCollider
  m_TagString: Untagged
  m_Icon: {fileID: 0}
  m_NavMeshLayer: 0
  m_StaticEditorFlags: 0
  m_IsActive: 1
--- !u!4 &288397090046209358
Transform:
  m_ObjectHideFlags: 0
  m_CorrespondingSourceObject: {fileID: 0}
  m_PrefabInstance: {fileID: 0}
  m_PrefabAsset: {fileID: 0}
  m_GameObject: {fileID: 7970354678180200949}
  m_LocalRotation: {x: 0, y: 0, z: 0, w: 1}
  m_LocalPosition: {x: 0, y: 0, z: 0}
  m_LocalScale: {x: 1, y: 1, z: 1}
  m_Children: []
  m_Father: {fileID: 549689513273192646}
  m_RootOrder: 2
  m_LocalEulerAnglesHint: {x: 0, y: 0, z: 0}
--- !u!65 &1693005954742516353
BoxCollider:
  m_ObjectHideFlags: 0
  m_CorrespondingSourceObject: {fileID: 0}
  m_PrefabInstance: {fileID: 0}
  m_PrefabAsset: {fileID: 0}
  m_GameObject: {fileID: 7970354678180200949}
  m_Material: {fileID: 0}
  m_IsTrigger: 0
  m_Enabled: 1
  serializedVersion: 2
  m_Size: {x: 0.2, y: 0.1, z: 0.3}
  m_Center: {x: 0, y: 0, z: 0}
--- !u!1 &8331240571861007246
GameObject:
  m_ObjectHideFlags: 0
  m_CorrespondingSourceObject: {fileID: 0}
  m_PrefabInstance: {fileID: 0}
  m_PrefabAsset: {fileID: 0}
  serializedVersion: 6
  m_Component:
  - component: {fileID: 686091718132905866}
  - component: {fileID: 5847494986075815060}
  m_Layer: 0
  m_Name: LeftCollider
  m_TagString: Untagged
  m_Icon: {fileID: 0}
  m_NavMeshLayer: 0
  m_StaticEditorFlags: 0
  m_IsActive: 1
--- !u!4 &686091718132905866
Transform:
  m_ObjectHideFlags: 0
  m_CorrespondingSourceObject: {fileID: 0}
  m_PrefabInstance: {fileID: 0}
  m_PrefabAsset: {fileID: 0}
  m_GameObject: {fileID: 8331240571861007246}
  m_LocalRotation: {x: 0, y: 0, z: 0, w: 1}
  m_LocalPosition: {x: 0, y: 0, z: 0}
  m_LocalScale: {x: 1, y: 1, z: 1}
  m_Children: []
  m_Father: {fileID: 549689513273192646}
  m_RootOrder: 1
  m_LocalEulerAnglesHint: {x: 0, y: 0, z: 0}
--- !u!65 &5847494986075815060
BoxCollider:
  m_ObjectHideFlags: 0
  m_CorrespondingSourceObject: {fileID: 0}
  m_PrefabInstance: {fileID: 0}
  m_PrefabAsset: {fileID: 0}
  m_GameObject: {fileID: 8331240571861007246}
  m_Material: {fileID: 0}
  m_IsTrigger: 0
  m_Enabled: 1
  serializedVersion: 2
  m_Size: {x: 0.2, y: 0.1, z: 0.3}
  m_Center: {x: 0, y: 0, z: 0}
--- !u!137 &1984152844
SkinnedMeshRenderer:
  m_ObjectHideFlags: 0
  m_CorrespondingSourceObject: {fileID: 0}
  m_PrefabInstance: {fileID: 0}
  m_PrefabAsset: {fileID: 0}
  m_GameObject: {fileID: 8496439367367167563}
  m_Enabled: 1
  m_CastShadows: 1
  m_ReceiveShadows: 1
  m_DynamicOccludee: 1
  m_MotionVectors: 1
  m_LightProbeUsage: 1
  m_ReflectionProbeUsage: 1
  m_RayTracingMode: 0
  m_RenderingLayerMask: 1
  m_RendererPriority: 0
  m_Materials:
  - {fileID: 2100000, guid: 07454ca6a69fbd34a89f14a85403d234, type: 2}
  - {fileID: 2100000, guid: 09ced81adcc437746be9c33dda3e71c7, type: 2}
  m_StaticBatchInfo:
    firstSubMesh: 0
    subMeshCount: 0
  m_StaticBatchRoot: {fileID: 0}
  m_ProbeAnchor: {fileID: 0}
  m_LightProbeVolumeOverride: {fileID: 0}
  m_ScaleInLightmap: 1
  m_ReceiveGI: 1
  m_PreserveUVs: 0
  m_IgnoreNormalsForChartDetection: 0
  m_ImportantGI: 0
  m_StitchLightmapSeams: 1
  m_SelectedEditorRenderState: 3
  m_MinimumChartSize: 4
  m_AutoUVMaxDistance: 0.5
  m_AutoUVMaxAngle: 89
  m_LightmapParameters: {fileID: 0}
  m_SortingLayerID: 0
  m_SortingLayer: 0
  m_SortingOrder: 0
  serializedVersion: 2
  m_Quality: 0
  m_UpdateWhenOffscreen: 0
  m_SkinnedMotionVectors: 1
  m_Mesh: {fileID: -3532060369691448532, guid: 295fca86d842d4947ab76a2036ed5ef5, type: 3}
  m_Bones: []
  m_BlendShapeWeights:
  - 100
  m_RootBone: {fileID: 0}
  m_AABB:
    m_Center: {x: 0, y: 0, z: -0.94709235}
    m_Extent: {x: 1, y: 0.0017601592, z: 1.0801033}
  m_DirtyAABB: 0
--- !u!1001 &11921791204890413
PrefabInstance:
  m_ObjectHideFlags: 0
  serializedVersion: 2
  m_Modification:
    m_TransformParent: {fileID: 7167244138711419613}
    m_Modifications:
    - target: {fileID: -8679921383154817045, guid: 295fca86d842d4947ab76a2036ed5ef5,
        type: 3}
      propertyPath: m_LocalPosition.x
      value: 0
      objectReference: {fileID: 0}
    - target: {fileID: -8679921383154817045, guid: 295fca86d842d4947ab76a2036ed5ef5,
        type: 3}
      propertyPath: m_LocalPosition.y
      value: 0
      objectReference: {fileID: 0}
    - target: {fileID: -8679921383154817045, guid: 295fca86d842d4947ab76a2036ed5ef5,
        type: 3}
      propertyPath: m_LocalPosition.z
      value: 0
      objectReference: {fileID: 0}
    - target: {fileID: -8679921383154817045, guid: 295fca86d842d4947ab76a2036ed5ef5,
        type: 3}
      propertyPath: m_LocalRotation.x
      value: -0
      objectReference: {fileID: 0}
    - target: {fileID: -8679921383154817045, guid: 295fca86d842d4947ab76a2036ed5ef5,
        type: 3}
      propertyPath: m_LocalRotation.y
      value: -0
      objectReference: {fileID: 0}
    - target: {fileID: -8679921383154817045, guid: 295fca86d842d4947ab76a2036ed5ef5,
        type: 3}
      propertyPath: m_LocalRotation.z
      value: -0
      objectReference: {fileID: 0}
    - target: {fileID: -8679921383154817045, guid: 295fca86d842d4947ab76a2036ed5ef5,
        type: 3}
      propertyPath: m_LocalRotation.w
      value: 1
      objectReference: {fileID: 0}
    - target: {fileID: -8679921383154817045, guid: 295fca86d842d4947ab76a2036ed5ef5,
        type: 3}
      propertyPath: m_RootOrder
      value: 3
      objectReference: {fileID: 0}
    - target: {fileID: -8679921383154817045, guid: 295fca86d842d4947ab76a2036ed5ef5,
        type: 3}
      propertyPath: m_LocalEulerAnglesHint.x
      value: 0
      objectReference: {fileID: 0}
    - target: {fileID: -8679921383154817045, guid: 295fca86d842d4947ab76a2036ed5ef5,
        type: 3}
      propertyPath: m_LocalEulerAnglesHint.y
      value: 0
      objectReference: {fileID: 0}
    - target: {fileID: -8679921383154817045, guid: 295fca86d842d4947ab76a2036ed5ef5,
        type: 3}
      propertyPath: m_LocalEulerAnglesHint.z
      value: 0
      objectReference: {fileID: 0}
    - target: {fileID: -2597957659548207718, guid: 295fca86d842d4947ab76a2036ed5ef5,
        type: 3}
      propertyPath: m_Mesh
      value: 
      objectReference: {fileID: 0}
    - target: {fileID: 919132149155446097, guid: 295fca86d842d4947ab76a2036ed5ef5,
        type: 3}
      propertyPath: m_Name
      value: ClothBlanket
      objectReference: {fileID: 0}
    - target: {fileID: 9078842510216885907, guid: 295fca86d842d4947ab76a2036ed5ef5,
        type: 3}
      propertyPath: m_AABB.m_Center.y
      value: -0.00087268715
      objectReference: {fileID: 0}
    - target: {fileID: 9078842510216885907, guid: 295fca86d842d4947ab76a2036ed5ef5,
        type: 3}
      propertyPath: m_AABB.m_Center.z
      value: -1.0271957
      objectReference: {fileID: 0}
    - target: {fileID: 9078842510216885907, guid: 295fca86d842d4947ab76a2036ed5ef5,
        type: 3}
      propertyPath: m_AABB.m_Extent.x
      value: 1
      objectReference: {fileID: 0}
    - target: {fileID: 9078842510216885907, guid: 295fca86d842d4947ab76a2036ed5ef5,
        type: 3}
      propertyPath: m_AABB.m_Extent.y
      value: 0.00087268715
      objectReference: {fileID: 0}
    - target: {fileID: 9078842510216885907, guid: 295fca86d842d4947ab76a2036ed5ef5,
        type: 3}
      propertyPath: m_AABB.m_Extent.z
      value: 1
      objectReference: {fileID: 0}
    - target: {fileID: 9078842510216885907, guid: 295fca86d842d4947ab76a2036ed5ef5,
        type: 3}
      propertyPath: m_DirtyAABB
      value: 0
      objectReference: {fileID: 0}
    m_RemovedComponents:
    - {fileID: 9078842510216885907, guid: 295fca86d842d4947ab76a2036ed5ef5, type: 3}
  m_SourcePrefab: {fileID: 100100000, guid: 295fca86d842d4947ab76a2036ed5ef5, type: 3}
--- !u!1 &930893959269952124 stripped
GameObject:
  m_CorrespondingSourceObject: {fileID: 919132149155446097, guid: 295fca86d842d4947ab76a2036ed5ef5,
    type: 3}
  m_PrefabInstance: {fileID: 11921791204890413}
  m_PrefabAsset: {fileID: 0}
--- !u!4 &549689513273192646 stripped
Transform:
  m_CorrespondingSourceObject: {fileID: -8679921383154817045, guid: 295fca86d842d4947ab76a2036ed5ef5,
    type: 3}
  m_PrefabInstance: {fileID: 11921791204890413}
  m_PrefabAsset: {fileID: 0}
--- !u!1 &3827226339265060736 stripped
GameObject:
  m_CorrespondingSourceObject: {fileID: -5388749516135266131, guid: 295fca86d842d4947ab76a2036ed5ef5,
    type: 3}
  m_PrefabInstance: {fileID: 11921791204890413}
  m_PrefabAsset: {fileID: 0}
--- !u!1001 &1391126493826971872
PrefabInstance:
  m_ObjectHideFlags: 0
  serializedVersion: 2
  m_Modification:
    m_TransformParent: {fileID: 0}
    m_Modifications:
    - target: {fileID: 247130475289630181, guid: 7e8ab9f2ce99ac442a350a3f7dff2fd7,
        type: 3}
      propertyPath: m_LocalPosition.x
      value: 0.13000011
      objectReference: {fileID: 0}
    - target: {fileID: 247130475289630181, guid: 7e8ab9f2ce99ac442a350a3f7dff2fd7,
        type: 3}
      propertyPath: m_LocalRotation.y
      value: 0.7189952
      objectReference: {fileID: 0}
    - target: {fileID: 247130475289630181, guid: 7e8ab9f2ce99ac442a350a3f7dff2fd7,
        type: 3}
      propertyPath: m_LocalRotation.w
      value: -0.13092269
      objectReference: {fileID: 0}
    - target: {fileID: 247130475289630181, guid: 7e8ab9f2ce99ac442a350a3f7dff2fd7,
        type: 3}
      propertyPath: m_LocalRotation.x
      value: -0.6715303
      objectReference: {fileID: 0}
    - target: {fileID: 247130475289630181, guid: 7e8ab9f2ce99ac442a350a3f7dff2fd7,
        type: 3}
      propertyPath: m_LocalRotation.z
      value: 0.122279696
      objectReference: {fileID: 0}
    - target: {fileID: 247130475289630181, guid: 7e8ab9f2ce99ac442a350a3f7dff2fd7,
        type: 3}
      propertyPath: m_LocalPosition.z
      value: 0.072999954
      objectReference: {fileID: 0}
    - target: {fileID: 1036264277304047954, guid: 7e8ab9f2ce99ac442a350a3f7dff2fd7,
        type: 3}
      propertyPath: m_OnSelectEntered.m_PersistentCalls.m_Calls.Array.size
      value: 4
      objectReference: {fileID: 0}
    - target: {fileID: 1036264277304047954, guid: 7e8ab9f2ce99ac442a350a3f7dff2fd7,
        type: 3}
      propertyPath: m_OnSelectExited.m_PersistentCalls.m_Calls.Array.size
      value: 3
      objectReference: {fileID: 0}
    - target: {fileID: 1036264277304047954, guid: 7e8ab9f2ce99ac442a350a3f7dff2fd7,
        type: 3}
      propertyPath: m_OnSelectEntered.m_PersistentCalls.m_Calls.Array.data[3].m_Mode
      value: 6
      objectReference: {fileID: 0}
    - target: {fileID: 1036264277304047954, guid: 7e8ab9f2ce99ac442a350a3f7dff2fd7,
        type: 3}
      propertyPath: m_OnSelectEntered.m_PersistentCalls.m_Calls.Array.data[3].m_Arguments.m_BoolArgument
      value: 1
      objectReference: {fileID: 0}
    - target: {fileID: 1036264277304047954, guid: 7e8ab9f2ce99ac442a350a3f7dff2fd7,
        type: 3}
      propertyPath: m_OnSelectEntered.m_PersistentCalls.m_Calls.Array.data[3].m_CallState
      value: 2
      objectReference: {fileID: 0}
    - target: {fileID: 1036264277304047954, guid: 7e8ab9f2ce99ac442a350a3f7dff2fd7,
        type: 3}
      propertyPath: m_OnSelectExited.m_PersistentCalls.m_Calls.Array.data[2].m_Mode
      value: 6
      objectReference: {fileID: 0}
    - target: {fileID: 1036264277304047954, guid: 7e8ab9f2ce99ac442a350a3f7dff2fd7,
        type: 3}
      propertyPath: m_OnSelectExited.m_PersistentCalls.m_Calls.Array.data[2].m_CallState
      value: 2
      objectReference: {fileID: 0}
    - target: {fileID: 1036264277304047954, guid: 7e8ab9f2ce99ac442a350a3f7dff2fd7,
        type: 3}
      propertyPath: m_OnSelectEntered.m_PersistentCalls.m_Calls.Array.data[3].m_Target
      value: 
      objectReference: {fileID: 579553609}
    - target: {fileID: 1036264277304047954, guid: 7e8ab9f2ce99ac442a350a3f7dff2fd7,
        type: 3}
      propertyPath: m_OnSelectExited.m_PersistentCalls.m_Calls.Array.data[2].m_Target
      value: 
      objectReference: {fileID: 579553609}
    - target: {fileID: 1036264277304047954, guid: 7e8ab9f2ce99ac442a350a3f7dff2fd7,
        type: 3}
      propertyPath: m_OnSelectEntered.m_PersistentCalls.m_Calls.Array.data[3].m_MethodName
      value: Grab
      objectReference: {fileID: 0}
    - target: {fileID: 1036264277304047954, guid: 7e8ab9f2ce99ac442a350a3f7dff2fd7,
        type: 3}
      propertyPath: m_OnSelectEntered.m_PersistentCalls.m_Calls.Array.data[3].m_Arguments.m_ObjectArgumentAssemblyTypeName
      value: UnityEngine.Object, UnityEngine
      objectReference: {fileID: 0}
    - target: {fileID: 1036264277304047954, guid: 7e8ab9f2ce99ac442a350a3f7dff2fd7,
        type: 3}
      propertyPath: m_OnSelectExited.m_PersistentCalls.m_Calls.Array.data[2].m_MethodName
      value: Grab
      objectReference: {fileID: 0}
    - target: {fileID: 1036264277304047954, guid: 7e8ab9f2ce99ac442a350a3f7dff2fd7,
        type: 3}
      propertyPath: m_OnSelectExited.m_PersistentCalls.m_Calls.Array.data[2].m_Arguments.m_ObjectArgumentAssemblyTypeName
      value: UnityEngine.Object, UnityEngine
      objectReference: {fileID: 0}
    - target: {fileID: 1036264277304047954, guid: 7e8ab9f2ce99ac442a350a3f7dff2fd7,
        type: 3}
      propertyPath: m_MovementType
      value: 1
      objectReference: {fileID: 0}
    - target: {fileID: 3180749597132209238, guid: 7e8ab9f2ce99ac442a350a3f7dff2fd7,
        type: 3}
      propertyPath: m_IsKinematic
      value: 1
      objectReference: {fileID: 0}
    - target: {fileID: 3659798304053229829, guid: 7e8ab9f2ce99ac442a350a3f7dff2fd7,
        type: 3}
      propertyPath: m_LocalRotation.y
      value: -0.7189952
      objectReference: {fileID: 0}
    - target: {fileID: 3659798304053229829, guid: 7e8ab9f2ce99ac442a350a3f7dff2fd7,
        type: 3}
      propertyPath: m_LocalRotation.w
      value: -0.13092275
      objectReference: {fileID: 0}
    - target: {fileID: 3659798304053229829, guid: 7e8ab9f2ce99ac442a350a3f7dff2fd7,
        type: 3}
      propertyPath: m_LocalEulerAnglesHint.y
      value: -200.64
      objectReference: {fileID: 0}
    - target: {fileID: 3659798304053229829, guid: 7e8ab9f2ce99ac442a350a3f7dff2fd7,
        type: 3}
      propertyPath: m_LocalRotation.x
      value: -0.67153025
      objectReference: {fileID: 0}
    - target: {fileID: 3659798304053229829, guid: 7e8ab9f2ce99ac442a350a3f7dff2fd7,
        type: 3}
      propertyPath: m_LocalRotation.z
      value: -0.122279786
      objectReference: {fileID: 0}
    - target: {fileID: 3659798304053229829, guid: 7e8ab9f2ce99ac442a350a3f7dff2fd7,
        type: 3}
      propertyPath: m_LocalEulerAnglesHint.z
      value: 86.09
      objectReference: {fileID: 0}
    - target: {fileID: 3659798304053229829, guid: 7e8ab9f2ce99ac442a350a3f7dff2fd7,
        type: 3}
      propertyPath: m_LocalPosition.x
      value: -0.13
      objectReference: {fileID: 0}
    - target: {fileID: 3659798304053229829, guid: 7e8ab9f2ce99ac442a350a3f7dff2fd7,
        type: 3}
      propertyPath: m_LocalPosition.z
      value: 0.073
      objectReference: {fileID: 0}
    - target: {fileID: 7685653387735502691, guid: 7e8ab9f2ce99ac442a350a3f7dff2fd7,
        type: 3}
      propertyPath: mirrorPlaneAxis
      value: 2
      objectReference: {fileID: 0}
    - target: {fileID: 8086614173453513277, guid: 7e8ab9f2ce99ac442a350a3f7dff2fd7,
        type: 3}
      propertyPath: m_LocalPosition.x
      value: 0.21184778
      objectReference: {fileID: 0}
    - target: {fileID: 8086614173453513277, guid: 7e8ab9f2ce99ac442a350a3f7dff2fd7,
        type: 3}
      propertyPath: m_LocalPosition.y
      value: 2.380712
      objectReference: {fileID: 0}
    - target: {fileID: 8086614173453513277, guid: 7e8ab9f2ce99ac442a350a3f7dff2fd7,
        type: 3}
      propertyPath: m_LocalPosition.z
      value: 10.742558
      objectReference: {fileID: 0}
    - target: {fileID: 8086614173453513277, guid: 7e8ab9f2ce99ac442a350a3f7dff2fd7,
        type: 3}
      propertyPath: m_LocalRotation.x
      value: 0.5
      objectReference: {fileID: 0}
    - target: {fileID: 8086614173453513277, guid: 7e8ab9f2ce99ac442a350a3f7dff2fd7,
        type: 3}
      propertyPath: m_LocalRotation.y
      value: -0.5
      objectReference: {fileID: 0}
    - target: {fileID: 8086614173453513277, guid: 7e8ab9f2ce99ac442a350a3f7dff2fd7,
        type: 3}
      propertyPath: m_LocalRotation.z
      value: 0.5
      objectReference: {fileID: 0}
    - target: {fileID: 8086614173453513277, guid: 7e8ab9f2ce99ac442a350a3f7dff2fd7,
        type: 3}
      propertyPath: m_LocalRotation.w
      value: 0.5
      objectReference: {fileID: 0}
    - target: {fileID: 8086614173453513277, guid: 7e8ab9f2ce99ac442a350a3f7dff2fd7,
        type: 3}
      propertyPath: m_RootOrder
      value: 0
      objectReference: {fileID: 0}
    - target: {fileID: 8086614173453513277, guid: 7e8ab9f2ce99ac442a350a3f7dff2fd7,
        type: 3}
      propertyPath: m_LocalEulerAnglesHint.x
      value: 90
      objectReference: {fileID: 0}
    - target: {fileID: 8086614173453513277, guid: 7e8ab9f2ce99ac442a350a3f7dff2fd7,
        type: 3}
      propertyPath: m_LocalEulerAnglesHint.y
      value: 90
      objectReference: {fileID: 0}
    - target: {fileID: 8086614173453513277, guid: 7e8ab9f2ce99ac442a350a3f7dff2fd7,
        type: 3}
      propertyPath: m_LocalEulerAnglesHint.z
      value: 180
      objectReference: {fileID: 0}
    - target: {fileID: 8496570891505307694, guid: 7e8ab9f2ce99ac442a350a3f7dff2fd7,
        type: 3}
      propertyPath: m_IsActive
      value: 0
      objectReference: {fileID: 0}
    - target: {fileID: 8895379001231911047, guid: 7e8ab9f2ce99ac442a350a3f7dff2fd7,
        type: 3}
      propertyPath: m_Name
      value: ObiFireBlanket Variant
      objectReference: {fileID: 0}
    m_RemovedComponents: []
  m_SourcePrefab: {fileID: 100100000, guid: 7e8ab9f2ce99ac442a350a3f7dff2fd7, type: 3}
--- !u!1 &7511153425171959911 stripped
GameObject:
  m_CorrespondingSourceObject: {fileID: 8895379001231911047, guid: 7e8ab9f2ce99ac442a350a3f7dff2fd7,
    type: 3}
  m_PrefabInstance: {fileID: 1391126493826971872}
  m_PrefabAsset: {fileID: 0}
--- !u!4 &7167244138711419613 stripped
Transform:
  m_CorrespondingSourceObject: {fileID: 8086614173453513277, guid: 7e8ab9f2ce99ac442a350a3f7dff2fd7,
    type: 3}
  m_PrefabInstance: {fileID: 1391126493826971872}
  m_PrefabAsset: {fileID: 0}
--- !u!1001 &4674237557064828646
PrefabInstance:
  m_ObjectHideFlags: 0
  serializedVersion: 2
  m_Modification:
    m_TransformParent: {fileID: 7167244138711419613}
    m_Modifications:
    - target: {fileID: -8679921383154817045, guid: 295fca86d842d4947ab76a2036ed5ef5,
        type: 3}
      propertyPath: m_LocalPosition.x
      value: 0
      objectReference: {fileID: 0}
    - target: {fileID: -8679921383154817045, guid: 295fca86d842d4947ab76a2036ed5ef5,
        type: 3}
      propertyPath: m_LocalPosition.y
      value: 0
      objectReference: {fileID: 0}
    - target: {fileID: -8679921383154817045, guid: 295fca86d842d4947ab76a2036ed5ef5,
        type: 3}
      propertyPath: m_LocalPosition.z
      value: 0
      objectReference: {fileID: 0}
    - target: {fileID: -8679921383154817045, guid: 295fca86d842d4947ab76a2036ed5ef5,
        type: 3}
      propertyPath: m_LocalRotation.x
      value: 0
      objectReference: {fileID: 0}
    - target: {fileID: -8679921383154817045, guid: 295fca86d842d4947ab76a2036ed5ef5,
        type: 3}
      propertyPath: m_LocalRotation.y
      value: 0
      objectReference: {fileID: 0}
    - target: {fileID: -8679921383154817045, guid: 295fca86d842d4947ab76a2036ed5ef5,
        type: 3}
      propertyPath: m_LocalRotation.z
      value: 0
      objectReference: {fileID: 0}
    - target: {fileID: -8679921383154817045, guid: 295fca86d842d4947ab76a2036ed5ef5,
        type: 3}
      propertyPath: m_LocalRotation.w
      value: 1
      objectReference: {fileID: 0}
    - target: {fileID: -8679921383154817045, guid: 295fca86d842d4947ab76a2036ed5ef5,
        type: 3}
      propertyPath: m_RootOrder
      value: 4
      objectReference: {fileID: 0}
    - target: {fileID: -8679921383154817045, guid: 295fca86d842d4947ab76a2036ed5ef5,
        type: 3}
      propertyPath: m_LocalEulerAnglesHint.x
      value: 0
      objectReference: {fileID: 0}
    - target: {fileID: -8679921383154817045, guid: 295fca86d842d4947ab76a2036ed5ef5,
        type: 3}
      propertyPath: m_LocalEulerAnglesHint.y
      value: 0
      objectReference: {fileID: 0}
    - target: {fileID: -8679921383154817045, guid: 295fca86d842d4947ab76a2036ed5ef5,
        type: 3}
      propertyPath: m_LocalEulerAnglesHint.z
      value: 0
      objectReference: {fileID: 0}
    - target: {fileID: 919132149155446097, guid: 295fca86d842d4947ab76a2036ed5ef5,
        type: 3}
      propertyPath: m_Name
      value: FakeBlanket
      objectReference: {fileID: 0}
    m_RemovedComponents:
    - {fileID: -6828690169955941263, guid: 295fca86d842d4947ab76a2036ed5ef5, type: 3}
  m_SourcePrefab: {fileID: 100100000, guid: 295fca86d842d4947ab76a2036ed5ef5, type: 3}
--- !u!1 &5485194795887279031 stripped
GameObject:
  m_CorrespondingSourceObject: {fileID: 919132149155446097, guid: 295fca86d842d4947ab76a2036ed5ef5,
    type: 3}
  m_PrefabInstance: {fileID: 4674237557064828646}
  m_PrefabAsset: {fileID: 0}
--- !u!1 &8496439367367167563 stripped
GameObject:
  m_CorrespondingSourceObject: {fileID: -5388749516135266131, guid: 295fca86d842d4947ab76a2036ed5ef5,
    type: 3}
  m_PrefabInstance: {fileID: 4674237557064828646}
  m_PrefabAsset: {fileID: 0}
--- !u!1001 &5530016728139636341
PrefabInstance:
  m_ObjectHideFlags: 0
  serializedVersion: 2
  m_Modification:
    m_TransformParent: {fileID: 7167244138711419613}
    m_Modifications:
    - target: {fileID: -8679921383154817045, guid: 2d37bb7ff1c97aa43b458aa0166ef0f1,
        type: 3}
      propertyPath: m_LocalPosition.x
      value: -0
      objectReference: {fileID: 0}
    - target: {fileID: -8679921383154817045, guid: 2d37bb7ff1c97aa43b458aa0166ef0f1,
        type: 3}
      propertyPath: m_LocalPosition.y
      value: 0
      objectReference: {fileID: 0}
    - target: {fileID: -8679921383154817045, guid: 2d37bb7ff1c97aa43b458aa0166ef0f1,
        type: 3}
      propertyPath: m_LocalPosition.z
      value: 0
      objectReference: {fileID: 0}
    - target: {fileID: -8679921383154817045, guid: 2d37bb7ff1c97aa43b458aa0166ef0f1,
        type: 3}
      propertyPath: m_LocalRotation.x
      value: 0
      objectReference: {fileID: 0}
    - target: {fileID: -8679921383154817045, guid: 2d37bb7ff1c97aa43b458aa0166ef0f1,
        type: 3}
      propertyPath: m_LocalRotation.y
      value: -0
      objectReference: {fileID: 0}
    - target: {fileID: -8679921383154817045, guid: 2d37bb7ff1c97aa43b458aa0166ef0f1,
        type: 3}
      propertyPath: m_LocalRotation.z
      value: -0
      objectReference: {fileID: 0}
    - target: {fileID: -8679921383154817045, guid: 2d37bb7ff1c97aa43b458aa0166ef0f1,
        type: 3}
      propertyPath: m_LocalRotation.w
      value: 1
      objectReference: {fileID: 0}
    - target: {fileID: -8679921383154817045, guid: 2d37bb7ff1c97aa43b458aa0166ef0f1,
        type: 3}
      propertyPath: m_RootOrder
      value: 5
      objectReference: {fileID: 0}
    - target: {fileID: -8679921383154817045, guid: 2d37bb7ff1c97aa43b458aa0166ef0f1,
        type: 3}
      propertyPath: m_LocalEulerAnglesHint.x
      value: 0
      objectReference: {fileID: 0}
    - target: {fileID: -8679921383154817045, guid: 2d37bb7ff1c97aa43b458aa0166ef0f1,
        type: 3}
      propertyPath: m_LocalEulerAnglesHint.y
      value: 0
      objectReference: {fileID: 0}
    - target: {fileID: -8679921383154817045, guid: 2d37bb7ff1c97aa43b458aa0166ef0f1,
        type: 3}
      propertyPath: m_LocalEulerAnglesHint.z
      value: 0
      objectReference: {fileID: 0}
    - target: {fileID: 919132149155446097, guid: 2d37bb7ff1c97aa43b458aa0166ef0f1,
        type: 3}
      propertyPath: m_Name
      value: fireBlanketCover
      objectReference: {fileID: 0}
    m_RemovedComponents: []
  m_SourcePrefab: {fileID: 100100000, guid: 2d37bb7ff1c97aa43b458aa0166ef0f1, type: 3}
--- !u!1 &4647707376004506404 stripped
GameObject:
  m_CorrespondingSourceObject: {fileID: 919132149155446097, guid: 2d37bb7ff1c97aa43b458aa0166ef0f1,
    type: 3}
  m_PrefabInstance: {fileID: 5530016728139636341}
  m_PrefabAsset: {fileID: 0}
