%YAML 1.1
%TAG !u! tag:unity3d.com,2011:
--- !u!1 &6631410030848493383
GameObject:
  m_ObjectHideFlags: 0
  m_CorrespondingSourceObject: {fileID: 0}
  m_PrefabInstance: {fileID: 0}
  m_PrefabAsset: {fileID: 0}
  serializedVersion: 6
  m_Component:
  - component: {fileID: 4782227458546883017}
  - component: {fileID: 596657853432508331}
  m_Layer: 0
  m_Name: cabinet
  m_TagString: Untagged
  m_Icon: {fileID: 0}
  m_NavMeshLayer: 0
  m_StaticEditorFlags: 0
  m_IsActive: 1
--- !u!4 &4782227458546883017
Transform:
  m_ObjectHideFlags: 0
  m_CorrespondingSourceObject: {fileID: 0}
  m_PrefabInstance: {fileID: 0}
  m_PrefabAsset: {fileID: 0}
  m_GameObject: {fileID: 6631410030848493383}
  m_LocalRotation: {x: 0, y: 0, z: 0, w: 1}
  m_LocalPosition: {x: 0, y: 0, z: 0}
  m_LocalScale: {x: 1, y: 1, z: 1}
  m_Children:
  - {fileID: 8509207319032111303}
  m_Father: {fileID: 0}
  m_RootOrder: 0
  m_LocalEulerAnglesHint: {x: 0, y: 0, z: 0}
--- !u!114 &596657853432508331
MonoBehaviour:
  m_ObjectHideFlags: 0
  m_CorrespondingSourceObject: {fileID: 0}
  m_PrefabInstance: {fileID: 0}
  m_PrefabAsset: {fileID: 0}
  m_GameObject: {fileID: 6631410030848493383}
  m_Enabled: 1
  m_EditorHideFlags: 0
  m_Script: {fileID: 11500000, guid: 3605f28a1e496bf45bce50c6f19d3d18, type: 3}
  m_Name: 
  m_EditorClassIdentifier: 
  door: {fileID: 8288025274740251884}
  doorOpenRotation: {x: 0, y: -75, z: 0}
  doorClosedRotation: {x: 0, y: 0, z: 0}
  doorRotationTime: 0.6
  doorOpen: 0
  doorHandle: {fileID: 6881920439385721732}
  handleOpenRotation: {x: 0, y: 0, z: 0}
  handleClosedRotation: {x: 0, y: 0, z: 0}
  handleRotationTime: 0.1
--- !u!54 &727809020490807311
Rigidbody:
  m_ObjectHideFlags: 0
  m_CorrespondingSourceObject: {fileID: 0}
  m_PrefabInstance: {fileID: 0}
  m_PrefabAsset: {fileID: 0}
  m_GameObject: {fileID: 6881920439385721732}
  serializedVersion: 2
  m_Mass: 1
  m_Drag: 0
  m_AngularDrag: 0.05
  m_UseGravity: 0
  m_IsKinematic: 1
  m_Interpolate: 0
  m_Constraints: 0
  m_CollisionDetection: 0
--- !u!64 &5177873611083346357
MeshCollider:
  m_ObjectHideFlags: 0
  m_CorrespondingSourceObject: {fileID: 0}
  m_PrefabInstance: {fileID: 0}
  m_PrefabAsset: {fileID: 0}
  m_GameObject: {fileID: 6881920439385721732}
  m_Material: {fileID: 0}
  m_IsTrigger: 0
  m_Enabled: 1
  serializedVersion: 4
  m_Convex: 1
  m_CookingOptions: 30
  m_Mesh: {fileID: 3559592725357602929, guid: 3bd3aa09890c96947b515a39e925852b, type: 3}
--- !u!114 &3555418582651743756
MonoBehaviour:
  m_ObjectHideFlags: 0
  m_CorrespondingSourceObject: {fileID: 0}
  m_PrefabInstance: {fileID: 0}
  m_PrefabAsset: {fileID: 0}
  m_GameObject: {fileID: 6881920439385721732}
  m_Enabled: 1
  m_EditorHideFlags: 0
  m_Script: {fileID: 11500000, guid: 8a35f6cfbfba9b548aaa00d52cfe8a50, type: 3}
  m_Name: 
  m_EditorClassIdentifier: 
  m_InteractionManager: {fileID: 0}
  m_Colliders: []
  m_InteractionLayerMask:
    serializedVersion: 2
    m_Bits: 256
  m_OnFirstHoverEntered:
    m_PersistentCalls:
      m_Calls: []
  m_OnHoverEntered:
    m_PersistentCalls:
      m_Calls: []
  m_OnHoverExited:
    m_PersistentCalls:
      m_Calls: []
  m_OnLastHoverExited:
    m_PersistentCalls:
      m_Calls: []
  m_OnSelectEntered:
    m_PersistentCalls:
      m_Calls:
      - m_Target: {fileID: 596657853432508331}
        m_MethodName: ToggleDoorOpen
        m_Mode: 1
        m_Arguments:
          m_ObjectArgument: {fileID: 0}
          m_ObjectArgumentAssemblyTypeName: UnityEngine.Object, UnityEngine
          m_IntArgument: 0
          m_FloatArgument: 0
          m_StringArgument: 
          m_BoolArgument: 1
        m_CallState: 2
  m_OnSelectExited:
    m_PersistentCalls:
      m_Calls: []
  m_OnSelectCanceled:
    m_PersistentCalls:
      m_Calls: []
  m_OnActivate:
    m_PersistentCalls:
      m_Calls: []
  m_OnDeactivate:
    m_PersistentCalls:
      m_Calls: []
  m_CustomReticle: {fileID: 0}
--- !u!54 &3368852850866364393
Rigidbody:
  m_ObjectHideFlags: 0
  m_CorrespondingSourceObject: {fileID: 0}
  m_PrefabInstance: {fileID: 0}
  m_PrefabAsset: {fileID: 0}
  m_GameObject: {fileID: 8288025274740251884}
  serializedVersion: 2
  m_Mass: 1
  m_Drag: 0
  m_AngularDrag: 0.05
  m_UseGravity: 0
  m_IsKinematic: 1
  m_Interpolate: 0
  m_Constraints: 0
  m_CollisionDetection: 0
--- !u!64 &3695784287455572091
MeshCollider:
  m_ObjectHideFlags: 0
  m_CorrespondingSourceObject: {fileID: 0}
  m_PrefabInstance: {fileID: 0}
  m_PrefabAsset: {fileID: 0}
  m_GameObject: {fileID: 8288025274740251884}
  m_Material: {fileID: 0}
  m_IsTrigger: 0
  m_Enabled: 1
  serializedVersion: 4
  m_Convex: 1
  m_CookingOptions: 30
  m_Mesh: {fileID: -2780046708897459944, guid: 3bd3aa09890c96947b515a39e925852b, type: 3}
--- !u!64 &6782595955510190802
MeshCollider:
  m_ObjectHideFlags: 0
  m_CorrespondingSourceObject: {fileID: 0}
  m_PrefabInstance: {fileID: 0}
  m_PrefabAsset: {fileID: 0}
  m_GameObject: {fileID: 8848178768460966581}
  m_Material: {fileID: 0}
  m_IsTrigger: 0
  m_Enabled: 1
  serializedVersion: 4
  m_Convex: 0
  m_CookingOptions: 30
  m_Mesh: {fileID: -6531174569082035124, guid: 3bd3aa09890c96947b515a39e925852b, type: 3}
--- !u!1001 &8186558429405202220
PrefabInstance:
  m_ObjectHideFlags: 0
  serializedVersion: 2
  m_Modification:
    m_TransformParent: {fileID: 4782227458546883017}
    m_Modifications:
    - target: {fileID: -8679921383154817045, guid: 3bd3aa09890c96947b515a39e925852b,
        type: 3}
      propertyPath: m_LocalPosition.x
      value: 0
      objectReference: {fileID: 0}
    - target: {fileID: -8679921383154817045, guid: 3bd3aa09890c96947b515a39e925852b,
        type: 3}
      propertyPath: m_LocalPosition.y
      value: 0
      objectReference: {fileID: 0}
    - target: {fileID: -8679921383154817045, guid: 3bd3aa09890c96947b515a39e925852b,
        type: 3}
      propertyPath: m_LocalPosition.z
      value: 0
      objectReference: {fileID: 0}
    - target: {fileID: -8679921383154817045, guid: 3bd3aa09890c96947b515a39e925852b,
        type: 3}
      propertyPath: m_LocalRotation.x
      value: -0
      objectReference: {fileID: 0}
    - target: {fileID: -8679921383154817045, guid: 3bd3aa09890c96947b515a39e925852b,
        type: 3}
      propertyPath: m_LocalRotation.y
      value: -0
      objectReference: {fileID: 0}
    - target: {fileID: -8679921383154817045, guid: 3bd3aa09890c96947b515a39e925852b,
        type: 3}
      propertyPath: m_LocalRotation.z
      value: -0
      objectReference: {fileID: 0}
    - target: {fileID: -8679921383154817045, guid: 3bd3aa09890c96947b515a39e925852b,
        type: 3}
      propertyPath: m_LocalRotation.w
      value: 1
      objectReference: {fileID: 0}
    - target: {fileID: -8679921383154817045, guid: 3bd3aa09890c96947b515a39e925852b,
        type: 3}
      propertyPath: m_RootOrder
      value: 0
      objectReference: {fileID: 0}
    - target: {fileID: -8679921383154817045, guid: 3bd3aa09890c96947b515a39e925852b,
        type: 3}
      propertyPath: m_LocalEulerAnglesHint.x
      value: 0
      objectReference: {fileID: 0}
    - target: {fileID: -8679921383154817045, guid: 3bd3aa09890c96947b515a39e925852b,
        type: 3}
      propertyPath: m_LocalEulerAnglesHint.y
      value: 0
      objectReference: {fileID: 0}
    - target: {fileID: -8679921383154817045, guid: 3bd3aa09890c96947b515a39e925852b,
        type: 3}
      propertyPath: m_LocalEulerAnglesHint.z
      value: 0
      objectReference: {fileID: 0}
    - target: {fileID: 919132149155446097, guid: 3bd3aa09890c96947b515a39e925852b,
        type: 3}
      propertyPath: m_Name
      value: cabinet
      objectReference: {fileID: 0}
    m_RemovedComponents: []
  m_SourcePrefab: {fileID: 100100000, guid: 3bd3aa09890c96947b515a39e925852b, type: 3}
--- !u!4 &8509207319032111303 stripped
Transform:
  m_CorrespondingSourceObject: {fileID: -8679921383154817045, guid: 3bd3aa09890c96947b515a39e925852b,
    type: 3}
  m_PrefabInstance: {fileID: 8186558429405202220}
  m_PrefabAsset: {fileID: 0}
--- !u!1 &8848178768460966581 stripped
GameObject:
  m_CorrespondingSourceObject: {fileID: 817249614396239257, guid: 3bd3aa09890c96947b515a39e925852b,
    type: 3}
  m_PrefabInstance: {fileID: 8186558429405202220}
  m_PrefabAsset: {fileID: 0}
--- !u!1 &8288025274740251884 stripped
GameObject:
  m_CorrespondingSourceObject: {fileID: 187045169616870336, guid: 3bd3aa09890c96947b515a39e925852b,
    type: 3}
  m_PrefabInstance: {fileID: 8186558429405202220}
  m_PrefabAsset: {fileID: 0}
--- !u!1 &6881920439385721732 stripped
GameObject:
  m_CorrespondingSourceObject: {fileID: 3322813925828545704, guid: 3bd3aa09890c96947b515a39e925852b,
    type: 3}
  m_PrefabInstance: {fileID: 8186558429405202220}
  m_PrefabAsset: {fileID: 0}
