%YAML 1.1
%TAG !u! tag:unity3d.com,2011:
--- !u!1 &1354699867437631038
GameObject:
  m_ObjectHideFlags: 0
  m_CorrespondingSourceObject: {fileID: 0}
  m_PrefabInstance: {fileID: 0}
  m_PrefabAsset: {fileID: 0}
  serializedVersion: 6
  m_Component:
  - component: {fileID: 2279794301032948674}
  - component: {fileID: 323924982425465518}
  m_Layer: 0
  m_Name: counter
  m_TagString: Untagged
  m_Icon: {fileID: 0}
  m_NavMeshLayer: 0
  m_StaticEditorFlags: 0
  m_IsActive: 1
--- !u!4 &2279794301032948674
Transform:
  m_ObjectHideFlags: 0
  m_CorrespondingSourceObject: {fileID: 0}
  m_PrefabInstance: {fileID: 0}
  m_PrefabAsset: {fileID: 0}
  m_GameObject: {fileID: 1354699867437631038}
  m_LocalRotation: {x: -0, y: -0, z: -0, w: 1}
  m_LocalPosition: {x: 0, y: 0, z: 0}
  m_LocalScale: {x: 1, y: 1, z: 1}
  m_Children:
  - {fileID: 5238308471854388606}
  m_Father: {fileID: 0}
  m_RootOrder: 0
  m_LocalEulerAnglesHint: {x: 0, y: 0, z: 0}
--- !u!114 &323924982425465518
MonoBehaviour:
  m_ObjectHideFlags: 0
  m_CorrespondingSourceObject: {fileID: 0}
  m_PrefabInstance: {fileID: 0}
  m_PrefabAsset: {fileID: 0}
  m_GameObject: {fileID: 1354699867437631038}
  m_Enabled: 1
  m_EditorHideFlags: 0
  m_Script: {fileID: 11500000, guid: 3605f28a1e496bf45bce50c6f19d3d18, type: 3}
  m_Name: 
  m_EditorClassIdentifier: 
  door: {fileID: 4564868308518286647}
  doorOpenRotation: {x: 0, y: -75, z: 0}
  doorClosedRotation: {x: 0, y: 0, z: 0}
  doorRotationTime: 0.4
  doorOpen: 0
  doorHandle: {fileID: 1616589058465850109}
  handleOpenRotation: {x: 0, y: 0, z: 0}
  handleClosedRotation: {x: 0, y: 0, z: 0}
  handleRotationTime: 0.1
--- !u!54 &5021279486728754504
Rigidbody:
  m_ObjectHideFlags: 0
  m_CorrespondingSourceObject: {fileID: 0}
  m_PrefabInstance: {fileID: 0}
  m_PrefabAsset: {fileID: 0}
  m_GameObject: {fileID: 1616589058465850109}
  serializedVersion: 2
  m_Mass: 1
  m_Drag: 0
  m_AngularDrag: 0.05
  m_UseGravity: 0
  m_IsKinematic: 1
  m_Interpolate: 0
  m_Constraints: 0
  m_CollisionDetection: 0
--- !u!65 &5343104711675778145
BoxCollider:
  m_ObjectHideFlags: 0
  m_CorrespondingSourceObject: {fileID: 0}
  m_PrefabInstance: {fileID: 0}
  m_PrefabAsset: {fileID: 0}
  m_GameObject: {fileID: 1616589058465850109}
  m_Material: {fileID: 0}
  m_IsTrigger: 0
  m_Enabled: 1
  serializedVersion: 2
  m_Size: {x: 0.14200604, y: 0.02715832, z: 0.071145035}
  m_Center: {x: -0.00000011920929, y: 0, z: -0.009057913}
--- !u!114 &781867828827669559
MonoBehaviour:
  m_ObjectHideFlags: 0
  m_CorrespondingSourceObject: {fileID: 0}
  m_PrefabInstance: {fileID: 0}
  m_PrefabAsset: {fileID: 0}
  m_GameObject: {fileID: 1616589058465850109}
  m_Enabled: 1
  m_EditorHideFlags: 0
  m_Script: {fileID: 11500000, guid: 8a35f6cfbfba9b548aaa00d52cfe8a50, type: 3}
  m_Name: 
  m_EditorClassIdentifier: 
  m_InteractionManager: {fileID: 0}
  m_Colliders: []
  m_InteractionLayerMask:
    serializedVersion: 2
    m_Bits: 256
  m_OnFirstHoverEntered:
    m_PersistentCalls:
      m_Calls: []
  m_OnHoverEntered:
    m_PersistentCalls:
      m_Calls: []
  m_OnHoverExited:
    m_PersistentCalls:
      m_Calls: []
  m_OnLastHoverExited:
    m_PersistentCalls:
      m_Calls: []
  m_OnSelectEntered:
    m_PersistentCalls:
      m_Calls:
      - m_Target: {fileID: 323924982425465518}
        m_MethodName: ToggleDoorOpen
        m_Mode: 1
        m_Arguments:
          m_ObjectArgument: {fileID: 0}
          m_ObjectArgumentAssemblyTypeName: UnityEngine.Object, UnityEngine
          m_IntArgument: 0
          m_FloatArgument: 0
          m_StringArgument: 
          m_BoolArgument: 1
        m_CallState: 2
  m_OnSelectExited:
    m_PersistentCalls:
      m_Calls: []
  m_OnSelectCanceled:
    m_PersistentCalls:
      m_Calls: []
  m_OnActivate:
    m_PersistentCalls:
      m_Calls: []
  m_OnDeactivate:
    m_PersistentCalls:
      m_Calls: []
  m_CustomReticle: {fileID: 0}
--- !u!54 &1089165246880027847
Rigidbody:
  m_ObjectHideFlags: 0
  m_CorrespondingSourceObject: {fileID: 0}
  m_PrefabInstance: {fileID: 0}
  m_PrefabAsset: {fileID: 0}
  m_GameObject: {fileID: 4564868308518286647}
  serializedVersion: 2
  m_Mass: 1
  m_Drag: 0
  m_AngularDrag: 0.05
  m_UseGravity: 0
  m_IsKinematic: 1
  m_Interpolate: 0
  m_Constraints: 0
  m_CollisionDetection: 0
--- !u!65 &6659251912433401052
BoxCollider:
  m_ObjectHideFlags: 0
  m_CorrespondingSourceObject: {fileID: 0}
  m_PrefabInstance: {fileID: 0}
  m_PrefabAsset: {fileID: 0}
  m_GameObject: {fileID: 4564868308518286647}
  m_Material: {fileID: 0}
  m_IsTrigger: 0
  m_Enabled: 1
  serializedVersion: 2
  m_Size: {x: 0.83048826, y: 0.8012596, z: 0.039370507}
  m_Center: {x: 0.41524413, y: 0, z: 0.019685254}
--- !u!114 &2194849125119386043
MonoBehaviour:
  m_ObjectHideFlags: 0
  m_CorrespondingSourceObject: {fileID: 0}
  m_PrefabInstance: {fileID: 0}
  m_PrefabAsset: {fileID: 0}
  m_GameObject: {fileID: 4564868308518286647}
  m_Enabled: 1
  m_EditorHideFlags: 0
  m_Script: {fileID: 11500000, guid: 6757b231cedd544c583ef8aeaf773b2a, type: 3}
  m_Name: 
  m_EditorClassIdentifier: 
  material: {fileID: 0}
  phase: 0
  thickness: 0
  m_SourceCollider: {fileID: 6659251912433401052}
  colliderNum: 1
  m_DistanceField: {fileID: 0}
--- !u!114 &3497259733533169132
MonoBehaviour:
  m_ObjectHideFlags: 0
  m_CorrespondingSourceObject: {fileID: 0}
  m_PrefabInstance: {fileID: 0}
  m_PrefabAsset: {fileID: 0}
  m_GameObject: {fileID: 4564868308518286647}
  m_Enabled: 1
  m_EditorHideFlags: 0
  m_Script: {fileID: 11500000, guid: 62359d80fdc0e4315ab6331b78ec5b90, type: 3}
  m_Name: 
  m_EditorClassIdentifier: 
  kinematicForParticles: 0
--- !u!114 &7522686496501842018
MonoBehaviour:
  m_ObjectHideFlags: 0
  m_CorrespondingSourceObject: {fileID: 0}
  m_PrefabInstance: {fileID: 0}
  m_PrefabAsset: {fileID: 0}
  m_GameObject: {fileID: 5221901387821910553}
  m_Enabled: 1
  m_EditorHideFlags: 0
  m_Script: {fileID: 11500000, guid: 6757b231cedd544c583ef8aeaf773b2a, type: 3}
  m_Name: 
  m_EditorClassIdentifier: 
  material: {fileID: 0}
  phase: 0
  thickness: 0
  m_SourceCollider: {fileID: 4563054241784422463}
  colliderNum: 2
  m_DistanceField: {fileID: 0}
--- !u!64 &4563054241784422463
MeshCollider:
  m_ObjectHideFlags: 0
  m_CorrespondingSourceObject: {fileID: 0}
  m_PrefabInstance: {fileID: 0}
  m_PrefabAsset: {fileID: 0}
  m_GameObject: {fileID: 5221901387821910553}
  m_Material: {fileID: 0}
  m_IsTrigger: 0
  m_Enabled: 1
  serializedVersion: 4
  m_Convex: 0
  m_CookingOptions: 30
  m_Mesh: {fileID: -6059712131969430998, guid: 1ece11c4a483f8e4485c12b5e821c056, type: 3}
--- !u!1001 &5708467216684528277
PrefabInstance:
  m_ObjectHideFlags: 0
  serializedVersion: 2
  m_Modification:
    m_TransformParent: {fileID: 2279794301032948674}
    m_Modifications:
    - target: {fileID: -8679921383154817045, guid: 1ece11c4a483f8e4485c12b5e821c056,
        type: 3}
      propertyPath: m_LocalPosition.x
      value: 0
      objectReference: {fileID: 0}
    - target: {fileID: -8679921383154817045, guid: 1ece11c4a483f8e4485c12b5e821c056,
        type: 3}
      propertyPath: m_LocalPosition.y
      value: 0
      objectReference: {fileID: 0}
    - target: {fileID: -8679921383154817045, guid: 1ece11c4a483f8e4485c12b5e821c056,
        type: 3}
      propertyPath: m_LocalPosition.z
      value: 0
      objectReference: {fileID: 0}
    - target: {fileID: -8679921383154817045, guid: 1ece11c4a483f8e4485c12b5e821c056,
        type: 3}
      propertyPath: m_LocalRotation.x
      value: -0
      objectReference: {fileID: 0}
    - target: {fileID: -8679921383154817045, guid: 1ece11c4a483f8e4485c12b5e821c056,
        type: 3}
      propertyPath: m_LocalRotation.y
      value: -0
      objectReference: {fileID: 0}
    - target: {fileID: -8679921383154817045, guid: 1ece11c4a483f8e4485c12b5e821c056,
        type: 3}
      propertyPath: m_LocalRotation.z
      value: -0
      objectReference: {fileID: 0}
    - target: {fileID: -8679921383154817045, guid: 1ece11c4a483f8e4485c12b5e821c056,
        type: 3}
      propertyPath: m_LocalRotation.w
      value: 1
      objectReference: {fileID: 0}
    - target: {fileID: -8679921383154817045, guid: 1ece11c4a483f8e4485c12b5e821c056,
        type: 3}
      propertyPath: m_RootOrder
      value: 0
      objectReference: {fileID: 0}
    - target: {fileID: -8679921383154817045, guid: 1ece11c4a483f8e4485c12b5e821c056,
        type: 3}
      propertyPath: m_LocalEulerAnglesHint.x
      value: 0
      objectReference: {fileID: 0}
    - target: {fileID: -8679921383154817045, guid: 1ece11c4a483f8e4485c12b5e821c056,
        type: 3}
      propertyPath: m_LocalEulerAnglesHint.y
      value: 0
      objectReference: {fileID: 0}
    - target: {fileID: -8679921383154817045, guid: 1ece11c4a483f8e4485c12b5e821c056,
        type: 3}
      propertyPath: m_LocalEulerAnglesHint.z
      value: 0
      objectReference: {fileID: 0}
    - target: {fileID: -1125575301236389982, guid: 1ece11c4a483f8e4485c12b5e821c056,
        type: 3}
      propertyPath: m_IsActive
      value: 1
      objectReference: {fileID: 0}
    - target: {fileID: 919132149155446097, guid: 1ece11c4a483f8e4485c12b5e821c056,
        type: 3}
      propertyPath: m_Name
      value: counter
      objectReference: {fileID: 0}
    - target: {fileID: 8218515457883069250, guid: 1ece11c4a483f8e4485c12b5e821c056,
        type: 3}
      propertyPath: m_LocalRotation.y
      value: 0
      objectReference: {fileID: 0}
    - target: {fileID: 8218515457883069250, guid: 1ece11c4a483f8e4485c12b5e821c056,
        type: 3}
      propertyPath: m_LocalRotation.z
      value: 0
      objectReference: {fileID: 0}
    - target: {fileID: 8218515457883069250, guid: 1ece11c4a483f8e4485c12b5e821c056,
        type: 3}
      propertyPath: m_LocalRotation.w
      value: 1
      objectReference: {fileID: 0}
    - target: {fileID: 8218515457883069250, guid: 1ece11c4a483f8e4485c12b5e821c056,
        type: 3}
      propertyPath: m_LocalEulerAnglesHint.y
      value: 0
      objectReference: {fileID: 0}
    m_RemovedComponents: []
  m_SourcePrefab: {fileID: 100100000, guid: 1ece11c4a483f8e4485c12b5e821c056, type: 3}
--- !u!4 &5238308471854388606 stripped
Transform:
  m_CorrespondingSourceObject: {fileID: -8679921383154817045, guid: 1ece11c4a483f8e4485c12b5e821c056,
    type: 3}
  m_PrefabInstance: {fileID: 5708467216684528277}
  m_PrefabAsset: {fileID: 0}
--- !u!1 &5221901387821910553 stripped
GameObject:
  m_CorrespondingSourceObject: {fileID: 526753023185074316, guid: 1ece11c4a483f8e4485c12b5e821c056,
    type: 3}
  m_PrefabInstance: {fileID: 5708467216684528277}
  m_PrefabAsset: {fileID: 0}
--- !u!1 &4564868308518286647 stripped
GameObject:
  m_CorrespondingSourceObject: {fileID: -1125575301236389982, guid: 1ece11c4a483f8e4485c12b5e821c056,
    type: 3}
  m_PrefabInstance: {fileID: 5708467216684528277}
  m_PrefabAsset: {fileID: 0}
--- !u!1 &1616589058465850109 stripped
GameObject:
  m_CorrespondingSourceObject: {fileID: 6437838077583052904, guid: 1ece11c4a483f8e4485c12b5e821c056,
    type: 3}
  m_PrefabInstance: {fileID: 5708467216684528277}
  m_PrefabAsset: {fileID: 0}
