%YAML 1.1
%TAG !u! tag:unity3d.com,2011:
--- !u!135 &3839232166816884278
SphereCollider:
  m_ObjectHideFlags: 0
  m_CorrespondingSourceObject: {fileID: 0}
  m_PrefabInstance: {fileID: 0}
  m_PrefabAsset: {fileID: 0}
  m_GameObject: {fileID: 2516003947782267433}
  m_Material: {fileID: 0}
  m_IsTrigger: 0
  m_Enabled: 1
  serializedVersion: 2
  m_Radius: 0.05370204
  m_Center: {x: 0.0000000055879363, y: 0, z: 0.013334211}
--- !u!114 &2484370120561424182
MonoBehaviour:
  m_ObjectHideFlags: 0
  m_CorrespondingSourceObject: {fileID: 0}
  m_PrefabInstance: {fileID: 0}
  m_PrefabAsset: {fileID: 0}
  m_GameObject: {fileID: 2516003947782267433}
  m_Enabled: 1
  m_EditorHideFlags: 0
  m_Script: {fileID: 11500000, guid: 6757b231cedd544c583ef8aeaf773b2a, type: 3}
  m_Name: 
  m_EditorClassIdentifier: 
  material: {fileID: 0}
  phase: 0
  thickness: 0
  m_SourceCollider: {fileID: 3839232166816884278}
  m_DistanceField: {fileID: 0}
--- !u!114 &3839232166816884276
MonoBehaviour:
  m_ObjectHideFlags: 0
  m_CorrespondingSourceObject: {fileID: 0}
  m_PrefabInstance: {fileID: 0}
  m_PrefabAsset: {fileID: 0}
  m_GameObject: {fileID: 2516003947782267433}
  m_Enabled: 1
  m_EditorHideFlags: 0
  m_Script: {fileID: 11500000, guid: 1c31ea850417fbf4d9058286feaea315, type: 3}
  m_Name: 
  m_EditorClassIdentifier: 
  rotatedObject: {fileID: 0}
  initialStateID: -1
  defaultTransitionTime: 0.35
  rotationStates:
  - {x: 0, y: 0, z: 0}
  - {x: 0, y: 0, z: 51.5}
  - {x: 0, y: 0, z: 103}
  - {x: 0, y: 0, z: 154.5}
  - {x: 0, y: 0, z: 206}
  - {x: 0, y: 0, z: 257.5}
  - {x: 0, y: 0, z: 309}
  transitionTimes: []
--- !u!114 &3839232166816884277
MonoBehaviour:
  m_ObjectHideFlags: 0
  m_CorrespondingSourceObject: {fileID: 0}
  m_PrefabInstance: {fileID: 0}
  m_PrefabAsset: {fileID: 0}
  m_GameObject: {fileID: 2516003947782267433}
  m_Enabled: 1
  m_EditorHideFlags: 0
  m_Script: {fileID: 11500000, guid: 8a35f6cfbfba9b548aaa00d52cfe8a50, type: 3}
  m_Name: 
  m_EditorClassIdentifier: 
  m_InteractionManager: {fileID: 0}
  m_Colliders: []
  m_InteractionLayerMask:
    serializedVersion: 2
    m_Bits: 256
  m_OnFirstHoverEntered:
    m_PersistentCalls:
      m_Calls:
      - m_Target: {fileID: 3839232166816884281}
        m_MethodName: set_enabled
        m_Mode: 6
        m_Arguments:
          m_ObjectArgument: {fileID: 0}
          m_ObjectArgumentAssemblyTypeName: UnityEngine.Object, UnityEngine
          m_IntArgument: 0
          m_FloatArgument: 0
          m_StringArgument: 
          m_BoolArgument: 1
        m_CallState: 2
  m_OnHoverEntered:
    m_PersistentCalls:
      m_Calls: []
  m_OnHoverExited:
    m_PersistentCalls:
      m_Calls: []
  m_OnLastHoverExited:
    m_PersistentCalls:
      m_Calls:
      - m_Target: {fileID: 3839232166816884281}
        m_MethodName: set_enabled
        m_Mode: 6
        m_Arguments:
          m_ObjectArgument: {fileID: 0}
          m_ObjectArgumentAssemblyTypeName: UnityEngine.Object, UnityEngine
          m_IntArgument: 0
          m_FloatArgument: 0
          m_StringArgument: 
          m_BoolArgument: 0
        m_CallState: 2
  m_OnSelectEntered:
    m_PersistentCalls:
      m_Calls: []
  m_OnSelectExited:
    m_PersistentCalls:
      m_Calls:
      - m_Target: {fileID: 3839232166816884279}
        m_MethodName: StartChangingToNextColorState
        m_Mode: 1
        m_Arguments:
          m_ObjectArgument: {fileID: 0}
          m_ObjectArgumentAssemblyTypeName: UnityEngine.Object, UnityEngine
          m_IntArgument: 0
          m_FloatArgument: 0
          m_StringArgument: 
          m_BoolArgument: 0
        m_CallState: 2
      - m_Target: {fileID: 3839232166816884276}
        m_MethodName: StartRotationToNextState
        m_Mode: 1
        m_Arguments:
          m_ObjectArgument: {fileID: 0}
          m_ObjectArgumentAssemblyTypeName: UnityEngine.Object, UnityEngine
          m_IntArgument: 0
          m_FloatArgument: 0
          m_StringArgument: 
          m_BoolArgument: 0
        m_CallState: 2
  m_OnSelectCanceled:
    m_PersistentCalls:
      m_Calls: []
  m_OnActivate:
    m_PersistentCalls:
      m_Calls: []
  m_OnDeactivate:
    m_PersistentCalls:
      m_Calls: []
  m_CustomReticle: {fileID: 0}
--- !u!114 &3839232166816884279
MonoBehaviour:
  m_ObjectHideFlags: 0
  m_CorrespondingSourceObject: {fileID: 0}
  m_PrefabInstance: {fileID: 0}
  m_PrefabAsset: {fileID: 0}
  m_GameObject: {fileID: 2516003947782267433}
  m_Enabled: 1
  m_EditorHideFlags: 0
  m_Script: {fileID: 11500000, guid: 3c88ccdb7ea76074fbae685b54509ae6, type: 3}
  m_Name: 
  m_EditorClassIdentifier: 
  coloredMaterial: {fileID: 2100000, guid: c484aa2b8f864614c89bc2820577c03d, type: 2}
  initialStateID: 0
  defaultTransitionTime: 4
  ignoreR: 0
  ignoreG: 0
  ignoreB: 0
  ignoreA: 0
  colorStates:
  - serializedVersion: 2
    rgba: 4278190080
  - serializedVersion: 2
    rgba: 4281085019
  - serializedVersion: 2
    rgba: 4281413991
  - serializedVersion: 2
    rgba: 4282137742
  - serializedVersion: 2
    rgba: 4282400939
  - serializedVersion: 2
    rgba: 4282072005
  - serializedVersion: 2
    rgba: 4281611490
  transitionTimes: []
--- !u!114 &3839232166816884281
MonoBehaviour:
  m_ObjectHideFlags: 0
  m_CorrespondingSourceObject: {fileID: 0}
  m_PrefabInstance: {fileID: 0}
  m_PrefabAsset: {fileID: 0}
  m_GameObject: {fileID: 2516003947782267433}
  m_Enabled: 0
  m_EditorHideFlags: 0
  m_Script: {fileID: 11500000, guid: 3fe91dc294731a9428c0941ea7579110, type: 3}
  m_Name: 
  m_EditorClassIdentifier: 
  drawingMode: 1
  outlineLayer: 0
  outlineTargets:
  - edgeDilateAmount: 5
    frontEdgeDilateAmount: 5
    backEdgeDilateAmount: 5
    Renderer: {fileID: 2199747816657763404}
    SubmeshIndex: 0
    ForceRecalculateBounds: 0
    CutoutDescriptionType: 0
    CutoutThreshold: 0.5
    CullMode: 2
    cutoutTextureName: 
    DilateRenderingMode: 0
  renderStyle: 1
  outlineParameters:
    enabled: 1
    color: {r: 1, g: 0.92156863, b: 0.015686275, a: 1}
    dilateShift: 1
    blurShift: 1
    fillPass:
      shader: {fileID: 0}
      serializedProperties: []
  backParameters:
    enabled: 1
    color: {r: 1, g: 0.92156863, b: 0.015686275, a: 1}
    dilateShift: 1
    blurShift: 1
    fillPass:
      shader: {fileID: 0}
      serializedProperties: []
  frontParameters:
    enabled: 1
    color: {r: 1, g: 0.92156863, b: 0.015686275, a: 1}
    dilateShift: 1
    blurShift: 1
    fillPass:
      shader: {fileID: 0}
      serializedProperties: []
--- !u!135 &3839232168192734021
SphereCollider:
  m_ObjectHideFlags: 0
  m_CorrespondingSourceObject: {fileID: 0}
  m_PrefabInstance: {fileID: 0}
  m_PrefabAsset: {fileID: 0}
  m_GameObject: {fileID: 3094647968645791131}
  m_Material: {fileID: 0}
  m_IsTrigger: 0
  m_Enabled: 1
  serializedVersion: 2
  m_Radius: 0.05370204
  m_Center: {x: 0.00000011920929, y: 0, z: 0.013334196}
--- !u!114 &3839232168192734016
MonoBehaviour:
  m_ObjectHideFlags: 0
  m_CorrespondingSourceObject: {fileID: 0}
  m_PrefabInstance: {fileID: 0}
  m_PrefabAsset: {fileID: 0}
  m_GameObject: {fileID: 3094647968645791131}
  m_Enabled: 1
  m_EditorHideFlags: 0
  m_Script: {fileID: 11500000, guid: 8a35f6cfbfba9b548aaa00d52cfe8a50, type: 3}
  m_Name: 
  m_EditorClassIdentifier: 
  m_InteractionManager: {fileID: 0}
  m_Colliders: []
  m_InteractionLayerMask:
    serializedVersion: 2
    m_Bits: 256
  m_OnFirstHoverEntered:
    m_PersistentCalls:
      m_Calls:
      - m_Target: {fileID: 3839232168192734018}
        m_MethodName: set_enabled
        m_Mode: 6
        m_Arguments:
          m_ObjectArgument: {fileID: 0}
          m_ObjectArgumentAssemblyTypeName: UnityEngine.Object, UnityEngine
          m_IntArgument: 0
          m_FloatArgument: 0
          m_StringArgument: 
          m_BoolArgument: 1
        m_CallState: 2
  m_OnHoverEntered:
    m_PersistentCalls:
      m_Calls: []
  m_OnHoverExited:
    m_PersistentCalls:
      m_Calls: []
  m_OnLastHoverExited:
    m_PersistentCalls:
      m_Calls:
      - m_Target: {fileID: 3839232168192734018}
        m_MethodName: set_enabled
        m_Mode: 6
        m_Arguments:
          m_ObjectArgument: {fileID: 0}
          m_ObjectArgumentAssemblyTypeName: UnityEngine.Object, UnityEngine
          m_IntArgument: 0
          m_FloatArgument: 0
          m_StringArgument: 
          m_BoolArgument: 0
        m_CallState: 2
  m_OnSelectEntered:
    m_PersistentCalls:
      m_Calls: []
  m_OnSelectExited:
    m_PersistentCalls:
      m_Calls:
      - m_Target: {fileID: 3839232168192734019}
        m_MethodName: StartRotationToNextState
        m_Mode: 1
        m_Arguments:
          m_ObjectArgument: {fileID: 0}
          m_ObjectArgumentAssemblyTypeName: UnityEngine.Object, UnityEngine
          m_IntArgument: 0
          m_FloatArgument: 0
          m_StringArgument: 
          m_BoolArgument: 0
        m_CallState: 2
  m_OnSelectCanceled:
    m_PersistentCalls:
      m_Calls: []
  m_OnActivate:
    m_PersistentCalls:
      m_Calls: []
  m_OnDeactivate:
    m_PersistentCalls:
      m_Calls: []
  m_CustomReticle: {fileID: 0}
--- !u!114 &3839232168192734018
MonoBehaviour:
  m_ObjectHideFlags: 0
  m_CorrespondingSourceObject: {fileID: 0}
  m_PrefabInstance: {fileID: 0}
  m_PrefabAsset: {fileID: 0}
  m_GameObject: {fileID: 3094647968645791131}
  m_Enabled: 0
  m_EditorHideFlags: 0
  m_Script: {fileID: 11500000, guid: 3fe91dc294731a9428c0941ea7579110, type: 3}
  m_Name: 
  m_EditorClassIdentifier: 
  drawingMode: 1
  outlineLayer: 0
  outlineTargets:
  - edgeDilateAmount: 5
    frontEdgeDilateAmount: 5
    backEdgeDilateAmount: 5
    Renderer: {fileID: 7825142023212203890}
    SubmeshIndex: 0
    ForceRecalculateBounds: 0
    CutoutDescriptionType: 0
    CutoutThreshold: 0.5
    CullMode: 2
    cutoutTextureName: 
    DilateRenderingMode: 0
  renderStyle: 1
  outlineParameters:
    enabled: 1
    color: {r: 1, g: 0.92156863, b: 0.015686275, a: 1}
    dilateShift: 1
    blurShift: 1
    fillPass:
      shader: {fileID: 0}
      serializedProperties: []
  backParameters:
    enabled: 1
    color: {r: 1, g: 0.92156863, b: 0.015686275, a: 1}
    dilateShift: 1
    blurShift: 1
    fillPass:
      shader: {fileID: 0}
      serializedProperties: []
  frontParameters:
    enabled: 1
    color: {r: 1, g: 0.92156863, b: 0.015686275, a: 1}
    dilateShift: 1
    blurShift: 1
    fillPass:
      shader: {fileID: 0}
      serializedProperties: []
--- !u!114 &3839232168192734019
MonoBehaviour:
  m_ObjectHideFlags: 0
  m_CorrespondingSourceObject: {fileID: 0}
  m_PrefabInstance: {fileID: 0}
  m_PrefabAsset: {fileID: 0}
  m_GameObject: {fileID: 3094647968645791131}
  m_Enabled: 1
  m_EditorHideFlags: 0
  m_Script: {fileID: 11500000, guid: 1c31ea850417fbf4d9058286feaea315, type: 3}
  m_Name: 
  m_EditorClassIdentifier: 
  rotatedObject: {fileID: 0}
  initialStateID: -1
  defaultTransitionTime: 0.35
  rotationStates:
  - {x: 0, y: 0, z: 0}
  - {x: 0, y: 0, z: 180}
  transitionTimes: []
--- !u!114 &4078921640257945944
MonoBehaviour:
  m_ObjectHideFlags: 0
  m_CorrespondingSourceObject: {fileID: 0}
  m_PrefabInstance: {fileID: 0}
  m_PrefabAsset: {fileID: 0}
  m_GameObject: {fileID: 3094647968645791131}
  m_Enabled: 1
  m_EditorHideFlags: 0
  m_Script: {fileID: 11500000, guid: 6757b231cedd544c583ef8aeaf773b2a, type: 3}
  m_Name: 
  m_EditorClassIdentifier: 
  material: {fileID: 0}
  phase: 0
  thickness: 0
  m_SourceCollider: {fileID: 3839232168192734021}
  m_DistanceField: {fileID: 0}
--- !u!64 &7437162260723581158
MeshCollider:
  m_ObjectHideFlags: 0
  m_CorrespondingSourceObject: {fileID: 0}
  m_PrefabInstance: {fileID: 0}
  m_PrefabAsset: {fileID: 0}
  m_GameObject: {fileID: 5249533308486655714}
  m_Material: {fileID: 0}
  m_IsTrigger: 0
  m_Enabled: 1
  serializedVersion: 4
  m_Convex: 0
  m_CookingOptions: 30
  m_Mesh: {fileID: 1754544700954064156, guid: 63e1a70113adb1042a9397734c756b79, type: 3}
--- !u!114 &3430715822185504297
MonoBehaviour:
  m_ObjectHideFlags: 0
  m_CorrespondingSourceObject: {fileID: 0}
  m_PrefabInstance: {fileID: 0}
  m_PrefabAsset: {fileID: 0}
  m_GameObject: {fileID: 5249533308486655714}
  m_Enabled: 1
  m_EditorHideFlags: 0
  m_Script: {fileID: 11500000, guid: 6757b231cedd544c583ef8aeaf773b2a, type: 3}
  m_Name: 
  m_EditorClassIdentifier: 
  material: {fileID: 0}
  phase: 0
  thickness: 0
  m_SourceCollider: {fileID: 7437162260723581158}
  m_DistanceField: {fileID: 0}
--- !u!1 &3839232167961111909
GameObject:
  m_ObjectHideFlags: 0
  m_CorrespondingSourceObject: {fileID: 0}
  m_PrefabInstance: {fileID: 0}
  m_PrefabAsset: {fileID: 0}
  serializedVersion: 6
  m_Component:
  - component: {fileID: 3839232167961111908}
  m_Layer: 0
  m_Name: Oven
  m_TagString: Untagged
  m_Icon: {fileID: 0}
  m_NavMeshLayer: 0
  m_StaticEditorFlags: 0
  m_IsActive: 1
--- !u!4 &3839232167961111908
Transform:
  m_ObjectHideFlags: 0
  m_CorrespondingSourceObject: {fileID: 0}
  m_PrefabInstance: {fileID: 0}
  m_PrefabAsset: {fileID: 0}
  m_GameObject: {fileID: 3839232167961111909}
  m_LocalRotation: {x: 0, y: 0.9999654, z: -0, w: -0.008316207}
  m_LocalPosition: {x: 1.281, y: 0.003, z: 0.318}
  m_LocalScale: {x: 1, y: 1, z: 1}
  m_Children:
  - {fileID: 3660591065028129492}
  m_Father: {fileID: 0}
  m_RootOrder: 0
  m_LocalEulerAnglesHint: {x: 0, y: 180.95299, z: 0}
--- !u!135 &3839232167669168205
SphereCollider:
  m_ObjectHideFlags: 0
  m_CorrespondingSourceObject: {fileID: 0}
  m_PrefabInstance: {fileID: 0}
  m_PrefabAsset: {fileID: 0}
  m_GameObject: {fileID: 3958740796761727549}
  m_Material: {fileID: 0}
  m_IsTrigger: 0
  m_Enabled: 1
  serializedVersion: 2
  m_Radius: 0.05370204
  m_Center: {x: 0, y: 0, z: 0.0133342035}
--- !u!114 &3839232167669168200
MonoBehaviour:
  m_ObjectHideFlags: 0
  m_CorrespondingSourceObject: {fileID: 0}
  m_PrefabInstance: {fileID: 0}
  m_PrefabAsset: {fileID: 0}
  m_GameObject: {fileID: 3958740796761727549}
  m_Enabled: 1
  m_EditorHideFlags: 0
  m_Script: {fileID: 11500000, guid: 8a35f6cfbfba9b548aaa00d52cfe8a50, type: 3}
  m_Name: 
  m_EditorClassIdentifier: 
  m_InteractionManager: {fileID: 0}
  m_Colliders: []
  m_InteractionLayerMask:
    serializedVersion: 2
    m_Bits: 256
  m_OnFirstHoverEntered:
    m_PersistentCalls:
      m_Calls:
      - m_Target: {fileID: 3839232167669168204}
        m_MethodName: set_enabled
        m_Mode: 6
        m_Arguments:
          m_ObjectArgument: {fileID: 0}
          m_ObjectArgumentAssemblyTypeName: UnityEngine.Object, UnityEngine
          m_IntArgument: 0
          m_FloatArgument: 0
          m_StringArgument: 
          m_BoolArgument: 1
        m_CallState: 2
  m_OnHoverEntered:
    m_PersistentCalls:
      m_Calls: []
  m_OnHoverExited:
    m_PersistentCalls:
      m_Calls: []
  m_OnLastHoverExited:
    m_PersistentCalls:
      m_Calls:
      - m_Target: {fileID: 3839232167669168204}
        m_MethodName: set_enabled
        m_Mode: 6
        m_Arguments:
          m_ObjectArgument: {fileID: 0}
          m_ObjectArgumentAssemblyTypeName: UnityEngine.Object, UnityEngine
          m_IntArgument: 0
          m_FloatArgument: 0
          m_StringArgument: 
          m_BoolArgument: 0
        m_CallState: 2
  m_OnSelectEntered:
    m_PersistentCalls:
      m_Calls: []
  m_OnSelectExited:
    m_PersistentCalls:
      m_Calls:
      - m_Target: {fileID: 3839232167669168202}
        m_MethodName: StartChangingToNextColorState
        m_Mode: 1
        m_Arguments:
          m_ObjectArgument: {fileID: 0}
          m_ObjectArgumentAssemblyTypeName: UnityEngine.Object, UnityEngine
          m_IntArgument: 0
          m_FloatArgument: 0
          m_StringArgument: 
          m_BoolArgument: 0
        m_CallState: 2
      - m_Target: {fileID: 3839232167669168203}
        m_MethodName: StartRotationToNextState
        m_Mode: 1
        m_Arguments:
          m_ObjectArgument: {fileID: 0}
          m_ObjectArgumentAssemblyTypeName: UnityEngine.Object, UnityEngine
          m_IntArgument: 0
          m_FloatArgument: 0
          m_StringArgument: 
          m_BoolArgument: 0
        m_CallState: 2
  m_OnSelectCanceled:
    m_PersistentCalls:
      m_Calls: []
  m_OnActivate:
    m_PersistentCalls:
      m_Calls: []
  m_OnDeactivate:
    m_PersistentCalls:
      m_Calls: []
  m_CustomReticle: {fileID: 0}
--- !u!114 &3839232167669168202
MonoBehaviour:
  m_ObjectHideFlags: 0
  m_CorrespondingSourceObject: {fileID: 0}
  m_PrefabInstance: {fileID: 0}
  m_PrefabAsset: {fileID: 0}
  m_GameObject: {fileID: 3958740796761727549}
  m_Enabled: 1
  m_EditorHideFlags: 0
  m_Script: {fileID: 11500000, guid: 3c88ccdb7ea76074fbae685b54509ae6, type: 3}
  m_Name: 
  m_EditorClassIdentifier: 
  coloredMaterial: {fileID: 2100000, guid: 64a9a13cd8746e24b97283eee5b7689d, type: 2}
  initialStateID: 0
  defaultTransitionTime: 4
  ignoreR: 0
  ignoreG: 0
  ignoreB: 0
  ignoreA: 0
  colorStates:
  - serializedVersion: 2
    rgba: 4278190080
  - serializedVersion: 2
    rgba: 4281085019
  - serializedVersion: 2
    rgba: 4281413991
  - serializedVersion: 2
    rgba: 4282137742
  - serializedVersion: 2
    rgba: 4282400939
  - serializedVersion: 2
    rgba: 4282072005
  - serializedVersion: 2
    rgba: 4281611490
  transitionTimes: []
--- !u!114 &3839232167669168203
MonoBehaviour:
  m_ObjectHideFlags: 0
  m_CorrespondingSourceObject: {fileID: 0}
  m_PrefabInstance: {fileID: 0}
  m_PrefabAsset: {fileID: 0}
  m_GameObject: {fileID: 3958740796761727549}
  m_Enabled: 1
  m_EditorHideFlags: 0
  m_Script: {fileID: 11500000, guid: 1c31ea850417fbf4d9058286feaea315, type: 3}
  m_Name: 
  m_EditorClassIdentifier: 
  rotatedObject: {fileID: 0}
  initialStateID: -1
  defaultTransitionTime: 0.35
  rotationStates:
  - {x: 0, y: 0, z: 0}
  - {x: 0, y: 0, z: 51.5}
  - {x: 0, y: 0, z: 103}
  - {x: 0, y: 0, z: 154.5}
  - {x: 0, y: 0, z: 206}
  - {x: 0, y: 0, z: 257.5}
  - {x: 0, y: 0, z: 309}
  transitionTimes: []
--- !u!114 &3839232167669168204
MonoBehaviour:
  m_ObjectHideFlags: 0
  m_CorrespondingSourceObject: {fileID: 0}
  m_PrefabInstance: {fileID: 0}
  m_PrefabAsset: {fileID: 0}
  m_GameObject: {fileID: 3958740796761727549}
  m_Enabled: 0
  m_EditorHideFlags: 0
  m_Script: {fileID: 11500000, guid: 3fe91dc294731a9428c0941ea7579110, type: 3}
  m_Name: 
  m_EditorClassIdentifier: 
  drawingMode: 1
  outlineLayer: 0
  outlineTargets:
  - edgeDilateAmount: 5
    frontEdgeDilateAmount: 5
    backEdgeDilateAmount: 5
    Renderer: {fileID: 7028749597814710441}
    SubmeshIndex: 0
    ForceRecalculateBounds: 0
    CutoutDescriptionType: 0
    CutoutThreshold: 0.5
    CullMode: 2
    cutoutTextureName: 
    DilateRenderingMode: 0
  renderStyle: 1
  outlineParameters:
    enabled: 1
    color: {r: 1, g: 0.92156863, b: 0.015686275, a: 1}
    dilateShift: 1
    blurShift: 1
    fillPass:
      shader: {fileID: 0}
      serializedProperties: []
  backParameters:
    enabled: 1
    color: {r: 1, g: 0.92156863, b: 0.015686275, a: 1}
    dilateShift: 1
    blurShift: 1
    fillPass:
      shader: {fileID: 0}
      serializedProperties: []
  frontParameters:
    enabled: 1
    color: {r: 1, g: 0.92156863, b: 0.015686275, a: 1}
    dilateShift: 1
    blurShift: 1
    fillPass:
      shader: {fileID: 0}
      serializedProperties: []
--- !u!114 &7631095402479576307
MonoBehaviour:
  m_ObjectHideFlags: 0
  m_CorrespondingSourceObject: {fileID: 0}
  m_PrefabInstance: {fileID: 0}
  m_PrefabAsset: {fileID: 0}
  m_GameObject: {fileID: 3958740796761727549}
  m_Enabled: 1
  m_EditorHideFlags: 0
  m_Script: {fileID: 11500000, guid: 6757b231cedd544c583ef8aeaf773b2a, type: 3}
  m_Name: 
  m_EditorClassIdentifier: 
  material: {fileID: 0}
  phase: 0
  thickness: 0
  m_SourceCollider: {fileID: 3839232167669168205}
  m_DistanceField: {fileID: 0}
--- !u!135 &3839232167343198366
SphereCollider:
  m_ObjectHideFlags: 0
  m_CorrespondingSourceObject: {fileID: 0}
  m_PrefabInstance: {fileID: 0}
  m_PrefabAsset: {fileID: 0}
  m_GameObject: {fileID: 5145373514980214627}
  m_Material: {fileID: 0}
  m_IsTrigger: 0
  m_Enabled: 1
  serializedVersion: 2
  m_Radius: 0.05370204
  m_Center: {x: 0.000000020489098, y: 0, z: 0.013334211}
--- !u!114 &3839232167343198337
MonoBehaviour:
  m_ObjectHideFlags: 0
  m_CorrespondingSourceObject: {fileID: 0}
  m_PrefabInstance: {fileID: 0}
  m_PrefabAsset: {fileID: 0}
  m_GameObject: {fileID: 5145373514980214627}
  m_Enabled: 0
  m_EditorHideFlags: 0
  m_Script: {fileID: 11500000, guid: 3fe91dc294731a9428c0941ea7579110, type: 3}
  m_Name: 
  m_EditorClassIdentifier: 
  drawingMode: 1
  outlineLayer: 0
  outlineTargets:
  - edgeDilateAmount: 5
    frontEdgeDilateAmount: 5
    backEdgeDilateAmount: 5
    Renderer: {fileID: 5519400097460763029}
    SubmeshIndex: 0
    ForceRecalculateBounds: 0
    CutoutDescriptionType: 0
    CutoutThreshold: 0.5
    CullMode: 2
    cutoutTextureName: 
    DilateRenderingMode: 0
  renderStyle: 1
  outlineParameters:
    enabled: 1
    color: {r: 1, g: 0.92156863, b: 0.015686275, a: 1}
    dilateShift: 1
    blurShift: 1
    fillPass:
      shader: {fileID: 0}
      serializedProperties: []
  backParameters:
    enabled: 1
    color: {r: 1, g: 0.92156863, b: 0.015686275, a: 1}
    dilateShift: 1
    blurShift: 1
    fillPass:
      shader: {fileID: 0}
      serializedProperties: []
  frontParameters:
    enabled: 1
    color: {r: 1, g: 0.92156863, b: 0.015686275, a: 1}
    dilateShift: 1
    blurShift: 1
    fillPass:
      shader: {fileID: 0}
      serializedProperties: []
--- !u!114 &3839232167343198364
MonoBehaviour:
  m_ObjectHideFlags: 0
  m_CorrespondingSourceObject: {fileID: 0}
  m_PrefabInstance: {fileID: 0}
  m_PrefabAsset: {fileID: 0}
  m_GameObject: {fileID: 5145373514980214627}
  m_Enabled: 1
  m_EditorHideFlags: 0
  m_Script: {fileID: 11500000, guid: 1c31ea850417fbf4d9058286feaea315, type: 3}
  m_Name: 
  m_EditorClassIdentifier: 
  rotatedObject: {fileID: 0}
  initialStateID: -1
  defaultTransitionTime: 0.35
  rotationStates:
  - {x: 0, y: 0, z: 0}
  - {x: 0, y: 0, z: 51.5}
  - {x: 0, y: 0, z: 103}
  - {x: 0, y: 0, z: 154.5}
  - {x: 0, y: 0, z: 206}
  - {x: 0, y: 0, z: 257.5}
  - {x: 0, y: 0, z: 309}
  transitionTimes: []
--- !u!114 &3839232167343198365
MonoBehaviour:
  m_ObjectHideFlags: 0
  m_CorrespondingSourceObject: {fileID: 0}
  m_PrefabInstance: {fileID: 0}
  m_PrefabAsset: {fileID: 0}
  m_GameObject: {fileID: 5145373514980214627}
  m_Enabled: 1
  m_EditorHideFlags: 0
  m_Script: {fileID: 11500000, guid: 8a35f6cfbfba9b548aaa00d52cfe8a50, type: 3}
  m_Name: 
  m_EditorClassIdentifier: 
  m_InteractionManager: {fileID: 0}
  m_Colliders: []
  m_InteractionLayerMask:
    serializedVersion: 2
    m_Bits: 256
  m_OnFirstHoverEntered:
    m_PersistentCalls:
      m_Calls:
      - m_Target: {fileID: 3839232167343198337}
        m_MethodName: set_enabled
        m_Mode: 6
        m_Arguments:
          m_ObjectArgument: {fileID: 0}
          m_ObjectArgumentAssemblyTypeName: UnityEngine.Object, UnityEngine
          m_IntArgument: 0
          m_FloatArgument: 0
          m_StringArgument: 
          m_BoolArgument: 1
        m_CallState: 2
  m_OnHoverEntered:
    m_PersistentCalls:
      m_Calls: []
  m_OnHoverExited:
    m_PersistentCalls:
      m_Calls: []
  m_OnLastHoverExited:
    m_PersistentCalls:
      m_Calls:
      - m_Target: {fileID: 3839232167343198337}
        m_MethodName: set_enabled
        m_Mode: 6
        m_Arguments:
          m_ObjectArgument: {fileID: 0}
          m_ObjectArgumentAssemblyTypeName: UnityEngine.Object, UnityEngine
          m_IntArgument: 0
          m_FloatArgument: 0
          m_StringArgument: 
          m_BoolArgument: 0
        m_CallState: 2
  m_OnSelectEntered:
    m_PersistentCalls:
      m_Calls: []
  m_OnSelectExited:
    m_PersistentCalls:
      m_Calls:
      - m_Target: {fileID: 3839232167343198367}
        m_MethodName: StartChangingToNextColorState
        m_Mode: 1
        m_Arguments:
          m_ObjectArgument: {fileID: 0}
          m_ObjectArgumentAssemblyTypeName: UnityEngine.Object, UnityEngine
          m_IntArgument: 0
          m_FloatArgument: 0
          m_StringArgument: 
          m_BoolArgument: 0
        m_CallState: 2
      - m_Target: {fileID: 3839232167343198364}
        m_MethodName: StartRotationToNextState
        m_Mode: 1
        m_Arguments:
          m_ObjectArgument: {fileID: 0}
          m_ObjectArgumentAssemblyTypeName: UnityEngine.Object, UnityEngine
          m_IntArgument: 0
          m_FloatArgument: 0
          m_StringArgument: 
          m_BoolArgument: 0
        m_CallState: 2
  m_OnSelectCanceled:
    m_PersistentCalls:
      m_Calls: []
  m_OnActivate:
    m_PersistentCalls:
      m_Calls: []
  m_OnDeactivate:
    m_PersistentCalls:
      m_Calls: []
  m_CustomReticle: {fileID: 0}
--- !u!114 &3839232167343198367
MonoBehaviour:
  m_ObjectHideFlags: 0
  m_CorrespondingSourceObject: {fileID: 0}
  m_PrefabInstance: {fileID: 0}
  m_PrefabAsset: {fileID: 0}
  m_GameObject: {fileID: 5145373514980214627}
  m_Enabled: 1
  m_EditorHideFlags: 0
  m_Script: {fileID: 11500000, guid: 3c88ccdb7ea76074fbae685b54509ae6, type: 3}
  m_Name: 
  m_EditorClassIdentifier: 
  coloredMaterial: {fileID: 2100000, guid: 27ddde4deae243a4b819e5ec74b98a11, type: 2}
  initialStateID: 0
  defaultTransitionTime: 4
  ignoreR: 0
  ignoreG: 0
  ignoreB: 0
  ignoreA: 0
  colorStates:
  - serializedVersion: 2
    rgba: 4278190080
  - serializedVersion: 2
    rgba: 4281085019
  - serializedVersion: 2
    rgba: 4281413991
  - serializedVersion: 2
    rgba: 4282137742
  - serializedVersion: 2
    rgba: 4282400939
  - serializedVersion: 2
    rgba: 4282072005
  - serializedVersion: 2
    rgba: 4281611490
  transitionTimes: []
--- !u!114 &8530466704382936681
MonoBehaviour:
  m_ObjectHideFlags: 0
  m_CorrespondingSourceObject: {fileID: 0}
  m_PrefabInstance: {fileID: 0}
  m_PrefabAsset: {fileID: 0}
  m_GameObject: {fileID: 5145373514980214627}
  m_Enabled: 1
  m_EditorHideFlags: 0
  m_Script: {fileID: 11500000, guid: 6757b231cedd544c583ef8aeaf773b2a, type: 3}
  m_Name: 
  m_EditorClassIdentifier: 
  material: {fileID: 0}
  phase: 0
  thickness: 0
  m_SourceCollider: {fileID: 3839232167343198366}
  m_DistanceField: {fileID: 0}
--- !u!65 &3839232167115914701
BoxCollider:
  m_ObjectHideFlags: 0
  m_CorrespondingSourceObject: {fileID: 0}
  m_PrefabInstance: {fileID: 0}
  m_PrefabAsset: {fileID: 0}
  m_GameObject: {fileID: 8069362391673779071}
  m_Material: {fileID: 0}
  m_IsTrigger: 0
  m_Enabled: 1
  serializedVersion: 2
  m_Size: {x: 0.8177554, y: 0.02715832, z: 0.07114505}
  m_Center: {x: 0.00000008940697, y: 0.000000029802322, z: -0.0077643106}
--- !u!114 &1257453488469675504
MonoBehaviour:
  m_ObjectHideFlags: 0
  m_CorrespondingSourceObject: {fileID: 0}
  m_PrefabInstance: {fileID: 0}
  m_PrefabAsset: {fileID: 0}
  m_GameObject: {fileID: 8069362391673779071}
  m_Enabled: 1
  m_EditorHideFlags: 0
  m_Script: {fileID: 11500000, guid: 6757b231cedd544c583ef8aeaf773b2a, type: 3}
  m_Name: 
  m_EditorClassIdentifier: 
  material: {fileID: 0}
  phase: 0
  thickness: 0
  m_SourceCollider: {fileID: 3839232167115914701}
  m_DistanceField: {fileID: 0}
--- !u!114 &3839232167115914696
MonoBehaviour:
  m_ObjectHideFlags: 0
  m_CorrespondingSourceObject: {fileID: 0}
  m_PrefabInstance: {fileID: 0}
  m_PrefabAsset: {fileID: 0}
  m_GameObject: {fileID: 8069362391673779071}
  m_Enabled: 0
  m_EditorHideFlags: 0
  m_Script: {fileID: 11500000, guid: 3fe91dc294731a9428c0941ea7579110, type: 3}
  m_Name: 
  m_EditorClassIdentifier: 
  drawingMode: 1
  outlineLayer: 0
  outlineTargets:
  - edgeDilateAmount: 5
    frontEdgeDilateAmount: 5
    backEdgeDilateAmount: 5
    Renderer: {fileID: 5427950276358412407}
    SubmeshIndex: 0
    ForceRecalculateBounds: 0
    CutoutDescriptionType: 0
    CutoutThreshold: 0.5
    CullMode: 2
    cutoutTextureName: 
    DilateRenderingMode: 0
  renderStyle: 1
  outlineParameters:
    enabled: 1
    color: {r: 1, g: 0.92156863, b: 0.015686275, a: 1}
    dilateShift: 1
    blurShift: 1
    fillPass:
      shader: {fileID: 0}
      serializedProperties: []
  backParameters:
    enabled: 1
    color: {r: 1, g: 0.92156863, b: 0.015686275, a: 1}
    dilateShift: 1
    blurShift: 1
    fillPass:
      shader: {fileID: 0}
      serializedProperties: []
  frontParameters:
    enabled: 1
    color: {r: 1, g: 0.92156863, b: 0.015686275, a: 1}
    dilateShift: 1
    blurShift: 1
    fillPass:
      shader: {fileID: 0}
      serializedProperties: []
--- !u!114 &3839232167115914698
MonoBehaviour:
  m_ObjectHideFlags: 0
  m_CorrespondingSourceObject: {fileID: 0}
  m_PrefabInstance: {fileID: 0}
  m_PrefabAsset: {fileID: 0}
  m_GameObject: {fileID: 8069362391673779071}
  m_Enabled: 1
  m_EditorHideFlags: 0
  m_Script: {fileID: 11500000, guid: 1c31ea850417fbf4d9058286feaea315, type: 3}
  m_Name: 
  m_EditorClassIdentifier: 
  rotatedObject: {fileID: 478634323115949380}
  initialStateID: 0
  defaultTransitionTime: 0.5
  rotationStates:
  - {x: 0, y: 0, z: 0}
  - {x: 75, y: 0, z: 0}
  transitionTimes: []
--- !u!114 &3839232167115914699
MonoBehaviour:
  m_ObjectHideFlags: 0
  m_CorrespondingSourceObject: {fileID: 0}
  m_PrefabInstance: {fileID: 0}
  m_PrefabAsset: {fileID: 0}
  m_GameObject: {fileID: 8069362391673779071}
  m_Enabled: 1
  m_EditorHideFlags: 0
  m_Script: {fileID: 11500000, guid: 8a35f6cfbfba9b548aaa00d52cfe8a50, type: 3}
  m_Name: 
  m_EditorClassIdentifier: 
  m_InteractionManager: {fileID: 0}
  m_Colliders: []
  m_InteractionLayerMask:
    serializedVersion: 2
    m_Bits: 256
  m_OnFirstHoverEntered:
    m_PersistentCalls:
      m_Calls:
      - m_Target: {fileID: 3839232167115914696}
        m_MethodName: set_enabled
        m_Mode: 6
        m_Arguments:
          m_ObjectArgument: {fileID: 0}
          m_ObjectArgumentAssemblyTypeName: UnityEngine.Object, UnityEngine
          m_IntArgument: 0
          m_FloatArgument: 0
          m_StringArgument: 
          m_BoolArgument: 1
        m_CallState: 2
  m_OnHoverEntered:
    m_PersistentCalls:
      m_Calls: []
  m_OnHoverExited:
    m_PersistentCalls:
      m_Calls: []
  m_OnLastHoverExited:
    m_PersistentCalls:
      m_Calls:
      - m_Target: {fileID: 3839232167115914696}
        m_MethodName: set_enabled
        m_Mode: 6
        m_Arguments:
          m_ObjectArgument: {fileID: 0}
          m_ObjectArgumentAssemblyTypeName: UnityEngine.Object, UnityEngine
          m_IntArgument: 0
          m_FloatArgument: 0
          m_StringArgument: 
          m_BoolArgument: 0
        m_CallState: 2
  m_OnSelectEntered:
    m_PersistentCalls:
      m_Calls: []
  m_OnSelectExited:
    m_PersistentCalls:
      m_Calls:
      - m_Target: {fileID: 3839232167115914698}
        m_MethodName: StartRotationToNextState
        m_Mode: 1
        m_Arguments:
          m_ObjectArgument: {fileID: 0}
          m_ObjectArgumentAssemblyTypeName: UnityEngine.Object, UnityEngine
          m_IntArgument: 0
          m_FloatArgument: 0
          m_StringArgument: 
          m_BoolArgument: 0
        m_CallState: 2
  m_OnSelectCanceled:
    m_PersistentCalls:
      m_Calls: []
  m_OnActivate:
    m_PersistentCalls:
      m_Calls: []
  m_OnDeactivate:
    m_PersistentCalls:
      m_Calls: []
  m_CustomReticle: {fileID: 0}
--- !u!135 &3839232167402345809
SphereCollider:
  m_ObjectHideFlags: 0
  m_CorrespondingSourceObject: {fileID: 0}
  m_PrefabInstance: {fileID: 0}
  m_PrefabAsset: {fileID: 0}
  m_GameObject: {fileID: 8391327662181088587}
  m_Material: {fileID: 0}
  m_IsTrigger: 0
  m_Enabled: 1
  serializedVersion: 2
  m_Radius: 0.05370204
  m_Center: {x: 0.00000011920929, y: 0, z: 0.0133342035}
--- !u!114 &3839232167402345762
MonoBehaviour:
  m_ObjectHideFlags: 0
  m_CorrespondingSourceObject: {fileID: 0}
  m_PrefabInstance: {fileID: 0}
  m_PrefabAsset: {fileID: 0}
  m_GameObject: {fileID: 8391327662181088587}
  m_Enabled: 1
  m_EditorHideFlags: 0
  m_Script: {fileID: 11500000, guid: 8a35f6cfbfba9b548aaa00d52cfe8a50, type: 3}
  m_Name: 
  m_EditorClassIdentifier: 
  m_InteractionManager: {fileID: 0}
  m_Colliders: []
  m_InteractionLayerMask:
    serializedVersion: 2
    m_Bits: 256
  m_OnFirstHoverEntered:
    m_PersistentCalls:
      m_Calls:
      - m_Target: {fileID: 3839232167402345774}
        m_MethodName: set_enabled
        m_Mode: 6
        m_Arguments:
          m_ObjectArgument: {fileID: 0}
          m_ObjectArgumentAssemblyTypeName: UnityEngine.Object, UnityEngine
          m_IntArgument: 0
          m_FloatArgument: 0
          m_StringArgument: 
          m_BoolArgument: 1
        m_CallState: 2
  m_OnHoverEntered:
    m_PersistentCalls:
      m_Calls: []
  m_OnHoverExited:
    m_PersistentCalls:
      m_Calls: []
  m_OnLastHoverExited:
    m_PersistentCalls:
      m_Calls:
      - m_Target: {fileID: 3839232167402345774}
        m_MethodName: set_enabled
        m_Mode: 6
        m_Arguments:
          m_ObjectArgument: {fileID: 0}
          m_ObjectArgumentAssemblyTypeName: UnityEngine.Object, UnityEngine
          m_IntArgument: 0
          m_FloatArgument: 0
          m_StringArgument: 
          m_BoolArgument: 0
        m_CallState: 2
  m_OnSelectEntered:
    m_PersistentCalls:
      m_Calls: []
  m_OnSelectExited:
    m_PersistentCalls:
      m_Calls:
      - m_Target: {fileID: 3839232167402345765}
        m_MethodName: StartRotationToNextState
        m_Mode: 1
        m_Arguments:
          m_ObjectArgument: {fileID: 0}
          m_ObjectArgumentAssemblyTypeName: UnityEngine.Object, UnityEngine
          m_IntArgument: 0
          m_FloatArgument: 0
          m_StringArgument: 
          m_BoolArgument: 0
        m_CallState: 2
      - m_Target: {fileID: 3839232167402345763}
        m_MethodName: StartChangingToNextColorState
        m_Mode: 1
        m_Arguments:
          m_ObjectArgument: {fileID: 0}
          m_ObjectArgumentAssemblyTypeName: UnityEngine.Object, UnityEngine
          m_IntArgument: 0
          m_FloatArgument: 0
          m_StringArgument: 
          m_BoolArgument: 0
        m_CallState: 2
  m_OnSelectCanceled:
    m_PersistentCalls:
      m_Calls: []
  m_OnActivate:
    m_PersistentCalls:
      m_Calls: []
  m_OnDeactivate:
    m_PersistentCalls:
      m_Calls: []
  m_CustomReticle: {fileID: 0}
--- !u!114 &3839232167402345763
MonoBehaviour:
  m_ObjectHideFlags: 0
  m_CorrespondingSourceObject: {fileID: 0}
  m_PrefabInstance: {fileID: 0}
  m_PrefabAsset: {fileID: 0}
  m_GameObject: {fileID: 8391327662181088587}
  m_Enabled: 1
  m_EditorHideFlags: 0
  m_Script: {fileID: 11500000, guid: 3c88ccdb7ea76074fbae685b54509ae6, type: 3}
  m_Name: 
  m_EditorClassIdentifier: 
  coloredMaterial: {fileID: 2100000, guid: ef8b162cb18932549974f9443373bb31, type: 2}
  initialStateID: 0
  defaultTransitionTime: 4
  ignoreR: 0
  ignoreG: 0
  ignoreB: 0
  ignoreA: 0
  colorStates:
  - serializedVersion: 2
    rgba: 4278190080
  - serializedVersion: 2
    rgba: 4281085019
  - serializedVersion: 2
    rgba: 4281413991
  - serializedVersion: 2
    rgba: 4282137742
  - serializedVersion: 2
    rgba: 4282400939
  - serializedVersion: 2
    rgba: 4282072005
  - serializedVersion: 2
    rgba: 4281611490
  transitionTimes: []
--- !u!114 &3839232167402345765
MonoBehaviour:
  m_ObjectHideFlags: 0
  m_CorrespondingSourceObject: {fileID: 0}
  m_PrefabInstance: {fileID: 0}
  m_PrefabAsset: {fileID: 0}
  m_GameObject: {fileID: 8391327662181088587}
  m_Enabled: 1
  m_EditorHideFlags: 0
  m_Script: {fileID: 11500000, guid: 1c31ea850417fbf4d9058286feaea315, type: 3}
  m_Name: 
  m_EditorClassIdentifier: 
  rotatedObject: {fileID: 0}
  initialStateID: -1
  defaultTransitionTime: 0.35
  rotationStates:
  - {x: 0, y: 0, z: 0}
  - {x: 0, y: 0, z: 51.5}
  - {x: 0, y: 0, z: 103}
  - {x: 0, y: 0, z: 154.5}
  - {x: 0, y: 0, z: 206}
  - {x: 0, y: 0, z: 257.5}
  - {x: 0, y: 0, z: 309}
  transitionTimes: []
--- !u!114 &3839232167402345774
MonoBehaviour:
  m_ObjectHideFlags: 0
  m_CorrespondingSourceObject: {fileID: 0}
  m_PrefabInstance: {fileID: 0}
  m_PrefabAsset: {fileID: 0}
  m_GameObject: {fileID: 8391327662181088587}
  m_Enabled: 0
  m_EditorHideFlags: 0
  m_Script: {fileID: 11500000, guid: 3fe91dc294731a9428c0941ea7579110, type: 3}
  m_Name: 
  m_EditorClassIdentifier: 
  drawingMode: 1
  outlineLayer: 0
  outlineTargets:
  - edgeDilateAmount: 5
    frontEdgeDilateAmount: 5
    backEdgeDilateAmount: 5
    Renderer: {fileID: 6226519412439142706}
    SubmeshIndex: 0
    ForceRecalculateBounds: 0
    CutoutDescriptionType: 0
    CutoutThreshold: 0.5
    CullMode: 2
    cutoutTextureName: 
    DilateRenderingMode: 0
  renderStyle: 1
  outlineParameters:
    enabled: 1
    color: {r: 1, g: 0.92156863, b: 0.015686275, a: 1}
    dilateShift: 1
    blurShift: 1
    fillPass:
      shader: {fileID: 0}
      serializedProperties: []
  backParameters:
    enabled: 1
    color: {r: 1, g: 0.92156863, b: 0.015686275, a: 1}
    dilateShift: 1
    blurShift: 1
    fillPass:
      shader: {fileID: 0}
      serializedProperties: []
  frontParameters:
    enabled: 1
    color: {r: 1, g: 0.92156863, b: 0.015686275, a: 1}
    dilateShift: 1
    blurShift: 1
    fillPass:
      shader: {fileID: 0}
      serializedProperties: []
--- !u!114 &7005351698720990107
MonoBehaviour:
  m_ObjectHideFlags: 0
  m_CorrespondingSourceObject: {fileID: 0}
  m_PrefabInstance: {fileID: 0}
  m_PrefabAsset: {fileID: 0}
  m_GameObject: {fileID: 8391327662181088587}
  m_Enabled: 1
  m_EditorHideFlags: 0
  m_Script: {fileID: 11500000, guid: 6757b231cedd544c583ef8aeaf773b2a, type: 3}
  m_Name: 
  m_EditorClassIdentifier: 
  material: {fileID: 0}
  phase: 0
  thickness: 0
  m_SourceCollider: {fileID: 3839232167402345809}
  m_DistanceField: {fileID: 0}
--- !u!1001 &3839232167402345791
PrefabInstance:
  m_ObjectHideFlags: 0
  serializedVersion: 2
  m_Modification:
    m_TransformParent: {fileID: 3839232167961111908}
    m_Modifications:
    - target: {fileID: -8679921383154817045, guid: 63e1a70113adb1042a9397734c756b79,
        type: 3}
      propertyPath: m_LocalPosition.x
      value: -0
      objectReference: {fileID: 0}
    - target: {fileID: -8679921383154817045, guid: 63e1a70113adb1042a9397734c756b79,
        type: 3}
      propertyPath: m_LocalPosition.y
      value: 0
      objectReference: {fileID: 0}
    - target: {fileID: -8679921383154817045, guid: 63e1a70113adb1042a9397734c756b79,
        type: 3}
      propertyPath: m_LocalPosition.z
      value: 0
      objectReference: {fileID: 0}
    - target: {fileID: -8679921383154817045, guid: 63e1a70113adb1042a9397734c756b79,
        type: 3}
      propertyPath: m_LocalRotation.x
      value: 0
      objectReference: {fileID: 0}
    - target: {fileID: -8679921383154817045, guid: 63e1a70113adb1042a9397734c756b79,
        type: 3}
      propertyPath: m_LocalRotation.y
      value: 0
      objectReference: {fileID: 0}
    - target: {fileID: -8679921383154817045, guid: 63e1a70113adb1042a9397734c756b79,
        type: 3}
      propertyPath: m_LocalRotation.z
      value: 0
      objectReference: {fileID: 0}
    - target: {fileID: -8679921383154817045, guid: 63e1a70113adb1042a9397734c756b79,
        type: 3}
      propertyPath: m_LocalRotation.w
      value: 1
      objectReference: {fileID: 0}
    - target: {fileID: -8679921383154817045, guid: 63e1a70113adb1042a9397734c756b79,
        type: 3}
      propertyPath: m_RootOrder
      value: 0
      objectReference: {fileID: 0}
    - target: {fileID: -8679921383154817045, guid: 63e1a70113adb1042a9397734c756b79,
        type: 3}
      propertyPath: m_LocalEulerAnglesHint.x
      value: 0
      objectReference: {fileID: 0}
    - target: {fileID: -8679921383154817045, guid: 63e1a70113adb1042a9397734c756b79,
        type: 3}
      propertyPath: m_LocalEulerAnglesHint.y
      value: 0
      objectReference: {fileID: 0}
    - target: {fileID: -8679921383154817045, guid: 63e1a70113adb1042a9397734c756b79,
        type: 3}
      propertyPath: m_LocalEulerAnglesHint.z
      value: 0
      objectReference: {fileID: 0}
    - target: {fileID: -5484326404778121093, guid: 63e1a70113adb1042a9397734c756b79,
        type: 3}
      propertyPath: m_LocalRotation.w
      value: 1
      objectReference: {fileID: 0}
    - target: {fileID: 919132149155446097, guid: 63e1a70113adb1042a9397734c756b79,
        type: 3}
      propertyPath: m_Name
      value: oven
      objectReference: {fileID: 0}
    m_RemovedComponents: []
  m_SourcePrefab: {fileID: 100100000, guid: 63e1a70113adb1042a9397734c756b79, type: 3}
--- !u!1 &8391327662181088587 stripped
GameObject:
  m_CorrespondingSourceObject: {fileID: -4524906667557296012, guid: 63e1a70113adb1042a9397734c756b79,
    type: 3}
  m_PrefabInstance: {fileID: 3839232167402345791}
  m_PrefabAsset: {fileID: 0}
--- !u!23 &6226519412439142706 stripped
MeshRenderer:
  m_CorrespondingSourceObject: {fileID: 7146855517166978061, guid: 63e1a70113adb1042a9397734c756b79,
    type: 3}
  m_PrefabInstance: {fileID: 3839232167402345791}
  m_PrefabAsset: {fileID: 0}
--- !u!1 &5145373514980214627 stripped
GameObject:
  m_CorrespondingSourceObject: {fileID: -995373978222833060, guid: 63e1a70113adb1042a9397734c756b79,
    type: 3}
  m_PrefabInstance: {fileID: 3839232167402345791}
  m_PrefabAsset: {fileID: 0}
--- !u!23 &5519400097460763029 stripped
MeshRenderer:
  m_CorrespondingSourceObject: {fileID: -441519382810415958, guid: 63e1a70113adb1042a9397734c756b79,
    type: 3}
  m_PrefabInstance: {fileID: 3839232167402345791}
  m_PrefabAsset: {fileID: 0}
--- !u!23 &7825142023212203890 stripped
MeshRenderer:
  m_CorrespondingSourceObject: {fileID: -2747252511918364083, guid: 63e1a70113adb1042a9397734c756b79,
    type: 3}
  m_PrefabInstance: {fileID: 3839232167402345791}
  m_PrefabAsset: {fileID: 0}
--- !u!1 &3094647968645791131 stripped
GameObject:
  m_CorrespondingSourceObject: {fileID: -6938405735160010588, guid: 63e1a70113adb1042a9397734c756b79,
    type: 3}
  m_PrefabInstance: {fileID: 3839232167402345791}
  m_PrefabAsset: {fileID: 0}
--- !u!4 &478634323115949380 stripped
Transform:
  m_CorrespondingSourceObject: {fileID: -5484326404778121093, guid: 63e1a70113adb1042a9397734c756b79,
    type: 3}
  m_PrefabInstance: {fileID: 3839232167402345791}
  m_PrefabAsset: {fileID: 0}
--- !u!23 &5427950276358412407 stripped
MeshRenderer:
  m_CorrespondingSourceObject: {fileID: -138409460445573816, guid: 63e1a70113adb1042a9397734c756b79,
    type: 3}
  m_PrefabInstance: {fileID: 3839232167402345791}
  m_PrefabAsset: {fileID: 0}
--- !u!1 &8069362391673779071 stripped
GameObject:
  m_CorrespondingSourceObject: {fileID: -2685391093786630592, guid: 63e1a70113adb1042a9397734c756b79,
    type: 3}
  m_PrefabInstance: {fileID: 3839232167402345791}
  m_PrefabAsset: {fileID: 0}
--- !u!1 &2516003947782267433 stripped
GameObject:
  m_CorrespondingSourceObject: {fileID: -7517329035063462122, guid: 63e1a70113adb1042a9397734c756b79,
    type: 3}
  m_PrefabInstance: {fileID: 3839232167402345791}
  m_PrefabAsset: {fileID: 0}
--- !u!23 &2199747816657763404 stripped
MeshRenderer:
  m_CorrespondingSourceObject: {fileID: -6070672335695337101, guid: 63e1a70113adb1042a9397734c756b79,
    type: 3}
  m_PrefabInstance: {fileID: 3839232167402345791}
  m_PrefabAsset: {fileID: 0}
--- !u!1 &5249533308486655714 stripped
GameObject:
  m_CorrespondingSourceObject: {fileID: 9051575456874662877, guid: 63e1a70113adb1042a9397734c756b79,
    type: 3}
  m_PrefabInstance: {fileID: 3839232167402345791}
  m_PrefabAsset: {fileID: 0}
--- !u!4 &3660591065028129492 stripped
Transform:
  m_CorrespondingSourceObject: {fileID: -8679921383154817045, guid: 63e1a70113adb1042a9397734c756b79,
    type: 3}
  m_PrefabInstance: {fileID: 3839232167402345791}
  m_PrefabAsset: {fileID: 0}
--- !u!1 &3958740796761727549 stripped
GameObject:
  m_CorrespondingSourceObject: {fileID: 267951633983436546, guid: 63e1a70113adb1042a9397734c756b79,
    type: 3}
  m_PrefabInstance: {fileID: 3839232167402345791}
  m_PrefabAsset: {fileID: 0}
--- !u!23 &7028749597814710441 stripped
MeshRenderer:
  m_CorrespondingSourceObject: {fileID: 6110421334732273046, guid: 63e1a70113adb1042a9397734c756b79,
    type: 3}
  m_PrefabInstance: {fileID: 3839232167402345791}
  m_PrefabAsset: {fileID: 0}
